day;timestamp;product;bid_price_1;bid_volume_1;bid_price_2;bid_volume_2;bid_price_3;bid_volume_3;ask_price_1;ask_volume_1;ask_price_2;ask_volume_2;ask_price_3;ask_volume_3;mid_price;profit_and_loss
0;0;ASH_COATED_OSMIUM;9992;23;;;;;10011;13;;;;;10001.5;0.0
0;0;INTARIAN_PEPPER_ROOT;11991;20;;;;;12006;11;12009;20;;;11998.5;0.0
0;100;INTARIAN_PEPPER_ROOT;11994;12;11991;20;;;12010;20;;;;;12002.0;0.0
0;100;ASH_COATED_OSMIUM;9995;15;9992;21;;;10013;21;;;;;10004.0;0.0
0;200;INTARIAN_PEPPER_ROOT;11991;21;;;;;12007;10;12010;21;;;11999.0;0.0
0;200;ASH_COATED_OSMIUM;9994;14;9992;21;;;10013;21;;;;;10003.5;0.0
0;300;ASH_COATED_OSMIUM;10000;4;9994;15;9992;26;10010;15;10013;26;;;10005.0;0.0
0;300;INTARIAN_PEPPER_ROOT;11994;11;11991;18;;;12007;11;;;;;12000.5;0.0
0;400;ASH_COATED_OSMIUM;9994;10;9991;26;;;10010;10;10012;26;;;10002.0;0.0
0;400;INTARIAN_PEPPER_ROOT;;;;;;;12007;9;12010;23;;;12007.0;-122.0
0;500;INTARIAN_PEPPER_ROOT;11994;10;11991;17;;;12007;10;12010;17;;;12000.5;-120.0
0;500;ASH_COATED_OSMIUM;9994;13;9991;23;;;10010;13;10012;23;;;10002.0;0.0
0;600;INTARIAN_PEPPER_ROOT;11994;12;11991;17;;;12007;12;;;;;12000.5;-182.0
0;600;ASH_COATED_OSMIUM;9994;15;;;;;10010;15;;;;;10002.0;0.0
0;700;ASH_COATED_OSMIUM;9994;11;;;;;;;;;;;9994.0;0.0
0;700;INTARIAN_PEPPER_ROOT;11994;12;11991;15;;;12007;12;12010;15;;;12000.5;-254.59375
0;800;ASH_COATED_OSMIUM;9991;24;;;;;10009;13;10012;24;;;10000.0;0.0
0;800;INTARIAN_PEPPER_ROOT;;;;;;;12010;20;;;;;12010.0;-324.8125
0;900;INTARIAN_PEPPER_ROOT;11994;11;11991;22;;;12007;11;12010;22;;;12000.5;-319.375
0;900;ASH_COATED_OSMIUM;9992;12;9990;20;;;10008;12;10011;20;;;10000.0;0.0
0;1000;INTARIAN_PEPPER_ROOT;11994;12;11991;15;;;12007;12;12010;15;;;12000.5;-380.0
0;1000;ASH_COATED_OSMIUM;9993;14;9990;30;;;10011;30;;;;;10002.0;0.0
0;1100;ASH_COATED_OSMIUM;;;;;;;10009;15;10011;21;;;10009.0;5.044921875
0;1100;INTARIAN_PEPPER_ROOT;11995;8;11992;25;;;;;;;;;11995.0;-444.3125
0;1200;ASH_COATED_OSMIUM;;;;;;;10009;10;10012;22;;;10009.0;6.029296875
0;1200;INTARIAN_PEPPER_ROOT;11995;9;11992;15;;;12011;15;;;;;12003.0;-436.5625
0;1300;INTARIAN_PEPPER_ROOT;11995;11;;;;;12008;11;12011;20;;;12001.5;-458.0
0;1300;ASH_COATED_OSMIUM;9993;11;9991;25;;;10009;11;10012;25;;;10001.0;6.11328125
0;1400;INTARIAN_PEPPER_ROOT;11995;10;11992;17;;;12008;10;;;;;12001.5;-450.0
0;1400;ASH_COATED_OSMIUM;9993;13;9990;23;;;10009;13;10011;23;;;10001.0;5.51953125
0;1500;ASH_COATED_OSMIUM;9992;10;9990;20;;;10008;10;10011;20;;;10000.0;4.44140625
0;1500;INTARIAN_PEPPER_ROOT;11995;9;11992;25;;;12011;25;;;;;12003.0;-442.0
0;1600;ASH_COATED_OSMIUM;9992;11;;;;;10011;28;;;;;10001.5;3.017578125
0;1600;INTARIAN_PEPPER_ROOT;11995;8;11992;18;;;12011;18;;;;;12003.0;-434.0
0;1700;INTARIAN_PEPPER_ROOT;11995;8;11992;24;;;;;;;;;11995.0;-426.0
0;1700;ASH_COATED_OSMIUM;9992;12;9990;28;;;10008;12;10011;28;;;10000.0;3.40625
0;1800;INTARIAN_PEPPER_ROOT;11995;10;11992;18;;;12008;10;12011;18;;;12001.5;-418.0
0;1800;ASH_COATED_OSMIUM;9992;13;9989;23;;;10008;13;10010;23;;;10000.0;2.94140625
0;1900;ASH_COATED_OSMIUM;9990;30;;;;;10008;14;10011;30;;;9999.0;4.40234375
0;1900;INTARIAN_PEPPER_ROOT;11995;8;11992;24;;;12008;8;12011;24;;;12001.5;-410.0
0;2000;ASH_COATED_OSMIUM;9993;15;9991;21;;;10009;15;;;;;10001.0;6.486328125
0;2000;INTARIAN_PEPPER_ROOT;11995;8;11992;16;;;12009;8;12012;16;;;12002.0;-402.0
0;2100;INTARIAN_PEPPER_ROOT;11996;9;11993;21;;;;;;;;;11996.0;-394.0
0;2100;ASH_COATED_OSMIUM;9991;26;;;;;10009;13;10012;26;;;10000.0;6.52734375
0;2200;INTARIAN_PEPPER_ROOT;11996;8;;;;;12009;8;12012;22;;;12002.5;-386.0
0;2200;ASH_COATED_OSMIUM;9993;11;9991;20;;;;;;;;;9993.0;6.310546875
0;2300;INTARIAN_PEPPER_ROOT;11996;10;11993;24;;;12009;10;12012;24;;;12002.5;-378.0
0;2300;ASH_COATED_OSMIUM;9993;11;;;;;10009;11;;;;;10001.0;6.4453125
0;2400;INTARIAN_PEPPER_ROOT;11996;9;11993;23;;;12009;9;12012;23;;;12002.5;-370.0
0;2400;ASH_COATED_OSMIUM;9993;13;9991;20;;;10009;13;10012;20;;;10001.0;6.828125
0;2500;ASH_COATED_OSMIUM;9993;11;;;;;10009;11;10012;21;;;10001.0;7.3671875
0;2500;INTARIAN_PEPPER_ROOT;11993;23;;;;;12009;9;12012;23;;;12001.0;-362.0
0;2600;ASH_COATED_OSMIUM;9991;29;;;;;10009;10;10012;29;;;10000.0;6.94921875
0;2600;INTARIAN_PEPPER_ROOT;11993;23;;;;;12009;9;;;;;12001.0;-354.0
0;2700;ASH_COATED_OSMIUM;9993;10;9991;21;;;10012;21;;;;;10002.5;7.32421875
0;2700;INTARIAN_PEPPER_ROOT;11996;10;11993;19;;;12009;10;;;;;12002.5;-346.0
0;2800;ASH_COATED_OSMIUM;9993;14;9991;27;;;10009;14;;;;;10001.0;7.328125
0;2800;INTARIAN_PEPPER_ROOT;11996;9;11993;17;;;12012;17;;;;;12004.0;-338.0
0;2900;ASH_COATED_OSMIUM;9993;12;9991;20;;;10009;12;10012;20;;;10001.0;6.4765625
0;2900;INTARIAN_PEPPER_ROOT;11996;11;;;;;12009;11;12012;19;;;12002.5;-330.0
0;3000;ASH_COATED_OSMIUM;9993;11;9991;29;;;10009;11;10012;29;;;10001.0;6.744140625
0;3000;INTARIAN_PEPPER_ROOT;11996;12;11993;21;;;12010;12;12013;21;;;12003.0;-322.0
0;3100;ASH_COATED_OSMIUM;9994;13;;;;;10012;27;;;;;10003.0;7.5703125
0;3100;INTARIAN_PEPPER_ROOT;11994;21;;;;;12010;9;12013;21;;;12002.0;-314.0
0;3200;INTARIAN_PEPPER_ROOT;11997;10;;;;;12010;10;12013;20;;;12003.5;-306.0
0;3200;ASH_COATED_OSMIUM;9991;24;;;;;10012;24;;;;;10001.5;4.63671875
0;3300;INTARIAN_PEPPER_ROOT;11997;9;11994;18;;;12013;18;;;;;12005.0;-298.0
0;3300;ASH_COATED_OSMIUM;9993;10;9991;24;;;10009;10;;;;;10001.0;4.63671875
0;3400;INTARIAN_PEPPER_ROOT;11997;11;11994;23;;;12010;11;12013;23;;;12003.5;-290.0
0;3400;ASH_COATED_OSMIUM;10003;6;9993;12;9991;27;10009;12;10012;27;;;10006.0;5.408203125
0;3500;INTARIAN_PEPPER_ROOT;11997;11;;;;;12013;15;;;;;12005.0;-282.0
0;3500;ASH_COATED_OSMIUM;9991;26;;;;;10009;15;10012;26;;;10000.0;14.40625
0;3600;INTARIAN_PEPPER_ROOT;11997;8;11994;16;;;12010;8;;;;;12003.5;-274.0
0;3600;ASH_COATED_OSMIUM;9993;14;9991;27;;;10009;14;10012;27;;;10001.0;14.8984375
0;3700;ASH_COATED_OSMIUM;9993;10;9991;25;;;10009;10;10012;25;;;10001.0;15.09375
0;3700;INTARIAN_PEPPER_ROOT;11997;8;;;;;12013;18;;;;;12005.0;-266.0
0;3800;INTARIAN_PEPPER_ROOT;11997;10;;;;;12010;10;;;;;12003.5;-258.0
0;3800;ASH_COATED_OSMIUM;9991;24;;;;;10009;10;10012;24;;;10000.0;13.65625
0;3900;ASH_COATED_OSMIUM;9993;15;9991;24;;;10009;15;10012;24;;;10001.0;15.4140625
0;3900;INTARIAN_PEPPER_ROOT;11997;8;11994;25;;;12013;25;;;;;12005.0;-250.0
0;4000;INTARIAN_PEPPER_ROOT;11997;10;11994;20;;;12011;10;12014;20;;;12004.0;-242.0
0;4000;ASH_COATED_OSMIUM;9993;11;9991;30;;;10009;11;10012;30;;;10001.0;16.09375
0;4100;ASH_COATED_OSMIUM;9992;10;9990;22;;;;;;;;;9992.0;22.75
0;4100;INTARIAN_PEPPER_ROOT;11998;8;11995;15;;;12011;8;12014;15;;;12004.5;-234.0
0;4200;INTARIAN_PEPPER_ROOT;11995;17;;;;;12011;9;;;;;12003.0;-226.0
0;4200;ASH_COATED_OSMIUM;9990;28;;;;;10011;28;;;;;10000.5;22.2265625
0;4300;ASH_COATED_OSMIUM;;;;;;;10009;10;10011;26;;;10009.0;20.578125
0;4300;INTARIAN_PEPPER_ROOT;11995;16;;;;;12014;16;;;;;12004.5;-218.0
0;4400;INTARIAN_PEPPER_ROOT;11998;9;11995;20;;;12014;20;;;;;12006.0;-210.0
0;4400;ASH_COATED_OSMIUM;9990;28;;;;;10009;15;10011;28;;;9999.5;22.15625
0;4500;ASH_COATED_OSMIUM;9993;13;9990;26;;;10009;13;10011;26;;;10001.0;20.359375
0;4500;INTARIAN_PEPPER_ROOT;11998;11;11995;16;;;12014;16;;;;;12006.0;-202.0
0;4600;INTARIAN_PEPPER_ROOT;11998;12;11995;20;;;12011;12;12014;20;;;12004.5;-194.0
0;4600;ASH_COATED_OSMIUM;9993;15;9990;21;;;10009;15;10011;21;;;10001.0;20.625
0;4700;ASH_COATED_OSMIUM;9993;14;9990;26;;;10011;26;;;;;10002.0;21.8125
0;4700;INTARIAN_PEPPER_ROOT;11998;10;11995;15;;;12014;15;;;;;12006.0;-186.0
0;4800;INTARIAN_PEPPER_ROOT;;;;;;;12011;11;12014;23;;;12011.0;-178.0
0;4800;ASH_COATED_OSMIUM;9998;3;9993;14;9990;22;10009;14;10011;22;;;10003.5;21.6015625
0;4900;ASH_COATED_OSMIUM;9990;22;;;;;10009;12;10011;22;;;9999.5;19.375
0;4900;INTARIAN_PEPPER_ROOT;11998;12;11995;18;;;12011;12;;;;;12004.5;-170.0
0;5000;INTARIAN_PEPPER_ROOT;11998;8;11995;17;;;12012;8;12015;17;;;12005.0;-162.0
0;5000;ASH_COATED_OSMIUM;9992;11;;;;;10008;11;;;;;10000.0;22.9921875
0;5100;ASH_COATED_OSMIUM;9993;11;9990;26;;;9998;4;10009;11;10011;26;9995.5;20.3671875
0;5100;INTARIAN_PEPPER_ROOT;11999;9;11996;24;;;12012;9;12015;24;;;12005.5;-154.0
0;5200;INTARIAN_PEPPER_ROOT;11999;9;11996;18;;;12012;9;12015;18;;;12005.5;-146.0
0;5200;ASH_COATED_OSMIUM;9993;13;9990;23;;;10009;13;10011;23;;;10001.0;31.0546875
0;5300;ASH_COATED_OSMIUM;9993;10;9990;22;;;10009;10;10011;22;;;10001.0;32.0625
0;5300;INTARIAN_PEPPER_ROOT;11999;12;11996;25;;;12015;25;;;;;12007.0;-138.0
0;5400;INTARIAN_PEPPER_ROOT;11999;10;11996;25;;;12015;25;;;;;12007.0;-130.0
0;5400;ASH_COATED_OSMIUM;9990;30;;;;;10011;30;;;;;10000.5;30.21484375
0;5500;ASH_COATED_OSMIUM;9994;15;;;;;10012;28;;;;;10003.0;26.46875
0;5500;INTARIAN_PEPPER_ROOT;11999;12;11996;25;;;12015;25;;;;;12007.0;-122.0
0;5600;INTARIAN_PEPPER_ROOT;11999;8;;;;;12012;8;12015;23;;;12005.5;-114.0
0;5600;ASH_COATED_OSMIUM;9991;23;;;;;10009;13;10012;23;;;10000.0;27.7890625
0;5700;ASH_COATED_OSMIUM;9993;12;9991;30;;;10009;12;;;;;10001.0;46.8828125
0;5700;INTARIAN_PEPPER_ROOT;11996;23;;;;;12015;23;;;;;12005.5;-106.0
0;5800;INTARIAN_PEPPER_ROOT;11999;8;11996;18;;;12015;18;;;;;12007.0;-98.0
0;5800;ASH_COATED_OSMIUM;9991;28;;;;;10012;28;;;;;10001.5;48.4921875
0;5900;ASH_COATED_OSMIUM;9993;12;9991;21;;;10009;12;10012;21;;;10001.0;47.037109375
0;5900;INTARIAN_PEPPER_ROOT;11999;11;11996;22;;;12012;11;;;;;12005.5;-90.0
0;6000;INTARIAN_PEPPER_ROOT;11999;12;11996;24;;;12013;12;12016;24;;;12006.0;-82.0
0;6000;ASH_COATED_OSMIUM;9990;30;;;;;10009;13;10011;30;;;9999.5;45.7734375
0;6100;ASH_COATED_OSMIUM;9993;14;9990;24;;;10011;24;;;;;10002.0;45.677734375
0;6100;INTARIAN_PEPPER_ROOT;12009;3;12000;11;11997;24;12013;11;;;;;12011.0;-74.0
0;6200;INTARIAN_PEPPER_ROOT;12000;10;11997;15;;;12013;10;12016;15;;;12006.5;-66.0
0;6200;ASH_COATED_OSMIUM;9993;12;9990;29;;;10009;12;10011;29;;;10001.0;45.40234375
0;6300;ASH_COATED_OSMIUM;9993;14;9990;22;;;10009;14;10011;22;;;10001.0;44.80859375
0;6300;INTARIAN_PEPPER_ROOT;12000;12;11997;16;;;12013;12;12016;16;;;12006.5;-58.0
0;6400;INTARIAN_PEPPER_ROOT;12000;8;11997;21;;;12013;8;12016;21;;;12006.5;-50.0
0;6400;ASH_COATED_OSMIUM;9992;14;9989;23;;;10010;23;;;;;10001.0;42.39453125
0;6500;ASH_COATED_OSMIUM;9992;12;9990;22;;;9998;4;10008;12;10011;22;9995.0;43.390625
0;6500;INTARIAN_PEPPER_ROOT;12000;10;;;;;12013;10;12016;17;;;12006.5;-42.0
0;6600;INTARIAN_PEPPER_ROOT;12000;11;11997;23;;;12013;11;12016;23;;;12006.5;-34.0
0;6600;ASH_COATED_OSMIUM;;;;;;;10008;13;;;;;10008.0;50.0703125
0;6700;INTARIAN_PEPPER_ROOT;12000;10;11997;19;;;12013;10;;;;;12006.5;-26.0
0;6700;ASH_COATED_OSMIUM;9992;12;9990;30;;;10011;30;;;;;10001.5;51.5546875
0;6800;INTARIAN_PEPPER_ROOT;12000;8;11997;20;;;12013;8;;;;;12006.5;-18.0
0;6800;ASH_COATED_OSMIUM;9992;12;9990;29;;;10008;12;10011;29;;;10000.0;53.046875
0;6900;ASH_COATED_OSMIUM;9992;11;9990;27;;;10008;11;10011;27;;;10000.0;54.03125
0;6900;INTARIAN_PEPPER_ROOT;12000;8;11997;20;;;12013;8;12016;20;;;12006.5;-10.0
0;7000;ASH_COATED_OSMIUM;9990;30;;;;;10011;30;;;;;10000.5;53.546875
0;7000;INTARIAN_PEPPER_ROOT;12000;10;11997;23;;;12014;10;12017;23;;;12007.0;-2.0
0;7100;ASH_COATED_OSMIUM;10002;9;9992;11;;;10008;11;10011;30;;;10005.0;53.203125
0;7100;INTARIAN_PEPPER_ROOT;12001;12;11998;23;;;12014;12;12017;23;;;12007.5;6.0
0;7200;ASH_COATED_OSMIUM;9993;13;9990;22;;;10009;13;10011;22;;;10001.0;67.111328125
0;7200;INTARIAN_PEPPER_ROOT;12001;11;11998;22;;;12017;22;;;;;12009.0;14.0
0;7300;ASH_COATED_OSMIUM;9992;10;;;;;10008;10;10011;25;;;10000.0;68.068359375
0;7300;INTARIAN_PEPPER_ROOT;12001;12;11998;16;;;12014;12;12017;16;;;12007.5;22.0
0;7400;ASH_COATED_OSMIUM;9993;12;9990;22;;;10009;12;10011;22;;;10001.0;67.39453125
0;7400;INTARIAN_PEPPER_ROOT;12001;8;11998;17;;;12014;8;12017;17;;;12007.5;30.0
0;7500;ASH_COATED_OSMIUM;9990;29;;;;;10009;13;10011;29;;;9999.5;67.36328125
0;7500;INTARIAN_PEPPER_ROOT;12001;10;11998;21;;;12014;10;;;;;12007.5;38.0
0;7600;ASH_COATED_OSMIUM;9993;13;9990;27;;;10009;13;10011;27;;;10001.0;69.0703125
0;7600;INTARIAN_PEPPER_ROOT;;;;;;;12017;17;;;;;12017.0;46.0
0;7700;INTARIAN_PEPPER_ROOT;12001;10;11998;23;;;12014;10;12017;23;;;12007.5;54.0
0;7700;ASH_COATED_OSMIUM;9993;14;9991;25;;;10009;14;;;;;10001.0;66.046875
0;7800;INTARIAN_PEPPER_ROOT;12001;9;11998;18;;;12014;9;12017;18;;;12007.5;62.0
0;7800;ASH_COATED_OSMIUM;9993;15;;;;;10009;15;10011;23;;;10001.0;68.0078125
0;7900;INTARIAN_PEPPER_ROOT;12001;8;11998;15;;;12014;8;12017;15;;;12007.5;70.0
0;7900;ASH_COATED_OSMIUM;9993;10;9990;22;;;10009;10;;;;;10001.0;70.1015625
0;8000;INTARIAN_PEPPER_ROOT;12001;10;11998;20;;;12018;20;;;;;12009.5;78.0
0;8000;ASH_COATED_OSMIUM;9992;13;;;;;10011;28;;;;;10001.5;73.1484375
0;8100;ASH_COATED_OSMIUM;9992;12;9989;25;;;10008;12;;;;;10000.0;74.140625
0;8100;INTARIAN_PEPPER_ROOT;12002;8;11999;15;;;12015;8;;;;;12008.5;86.0
0;8200;ASH_COATED_OSMIUM;9992;10;9989;25;;;10008;10;;;;;10000.0;74.28125
0;8200;INTARIAN_PEPPER_ROOT;11999;25;;;;;12015;12;12018;25;;;12007.0;94.0
0;8300;INTARIAN_PEPPER_ROOT;12002;10;11999;22;;;12015;10;12018;22;;;12008.5;102.0
0;8300;ASH_COATED_OSMIUM;9990;28;;;;;10011;28;;;;;10000.5;73.5546875
0;8400;INTARIAN_PEPPER_ROOT;12005;8;12002;10;11999;21;12015;10;12018;21;;;12010.0;110.0
0;8400;ASH_COATED_OSMIUM;9998;3;9990;29;;;10008;11;10011;29;;;10003.0;72.8203125
0;8500;ASH_COATED_OSMIUM;9992;14;9989;25;;;10010;25;;;;;10001.0;75.0859375
0;8500;INTARIAN_PEPPER_ROOT;12002;9;11999;24;;;12015;9;12018;24;;;12008.5;118.0
0;8600;ASH_COATED_OSMIUM;9992;13;9989;27;;;10008;13;10010;27;;;10000.0;77.234375
0;8600;INTARIAN_PEPPER_ROOT;12002;11;11999;18;;;12015;11;12018;18;;;12008.5;126.0
0;8700;INTARIAN_PEPPER_ROOT;12002;12;11999;23;;;12015;12;;;;;12008.5;134.0
0;8700;ASH_COATED_OSMIUM;;;;;;;10010;22;;;;;10010.0;77.96875
0;8800;INTARIAN_PEPPER_ROOT;12002;8;11999;16;;;12015;8;12018;16;;;12008.5;142.0
0;8800;ASH_COATED_OSMIUM;9991;10;9989;30;;;10007;10;10010;30;;;9999.0;77.828125
0;8900;ASH_COATED_OSMIUM;9989;26;;;;;10010;26;;;;;9999.5;74.890625
0;8900;INTARIAN_PEPPER_ROOT;12002;12;11999;25;;;12018;25;;;;;12010.0;150.0
0;9000;ASH_COATED_OSMIUM;9992;10;9990;23;;;10008;10;10011;23;;;10000.0;71.671875
0;9000;INTARIAN_PEPPER_ROOT;11999;21;;;;;12016;8;12019;21;;;12007.5;158.0
0;9100;INTARIAN_PEPPER_ROOT;;;;;;;12016;8;12019;17;;;12016.0;166.0
0;9100;ASH_COATED_OSMIUM;9992;15;9990;22;;;10008;15;10011;22;;;10000.0;72.03125
0;9200;INTARIAN_PEPPER_ROOT;12003;11;12000;24;;;12016;11;12019;24;;;12009.5;174.0
0;9200;ASH_COATED_OSMIUM;9990;25;;;;;10008;14;;;;;9999.0;70.9296875
0;9300;ASH_COATED_OSMIUM;9992;13;;;;;10008;13;10010;29;;;10000.0;74.15625
0;9300;INTARIAN_PEPPER_ROOT;12000;18;;;;;12016;9;12019;18;;;12008.0;182.0
0;9400;ASH_COATED_OSMIUM;9992;15;9990;28;;;10002;4;10011;28;;;9997.0;73.6875
0;9400;INTARIAN_PEPPER_ROOT;12013;8;12003;11;12000;18;12016;11;12019;18;;;12014.5;190.0
0;9500;INTARIAN_PEPPER_ROOT;12003;9;;;;;12019;24;;;;;12011.0;198.0
0;9500;ASH_COATED_OSMIUM;9992;14;9990;24;;;10011;24;;;;;10001.5;73.8359375
0;9600;INTARIAN_PEPPER_ROOT;12003;10;12000;21;;;12016;10;12019;21;;;12009.5;206.0
0;9600;ASH_COATED_OSMIUM;9993;12;9990;20;;;10011;20;;;;;10002.0;67.09375
0;9700;ASH_COATED_OSMIUM;9993;12;9991;30;;;10009;12;10012;30;;;10001.0;63.625
0;9700;INTARIAN_PEPPER_ROOT;12003;12;12000;18;;;12016;12;12019;18;;;12009.5;214.0
0;9800;ASH_COATED_OSMIUM;9994;15;9991;24;;;10010;15;10012;24;;;10002.0;61.578125
0;9800;INTARIAN_PEPPER_ROOT;12003;9;12000;15;;;12016;9;12019;15;;;12009.5;222.0
0;9900;INTARIAN_PEPPER_ROOT;12003;11;12000;25;;;12016;11;12019;25;;;12009.5;230.0
0;9900;ASH_COATED_OSMIUM;10004;5;9992;24;;;;;;;;;10004.0;57.4296875
0;10000;INTARIAN_PEPPER_ROOT;12003;11;12000;19;;;12017;11;12020;19;;;12010.0;238.0
0;10000;ASH_COATED_OSMIUM;9994;14;9992;27;;;10010;14;10013;27;;;10002.0;58.4296875
0;10100;ASH_COATED_OSMIUM;9994;15;9992;20;;;10010;15;10013;20;;;10002.0;58.6015625
0;10100;INTARIAN_PEPPER_ROOT;12001;15;;;;;12017;10;12020;15;;;12009.0;246.0
0;10200;ASH_COATED_OSMIUM;9994;12;;;;;10010;12;10013;20;;;10002.0;59.09375
0;10200;INTARIAN_PEPPER_ROOT;12004;12;;;;;12017;12;12020;25;;;12010.5;254.0
0;10300;INTARIAN_PEPPER_ROOT;12004;9;12001;19;;;12017;9;12020;19;;;12010.5;262.0
0;10300;ASH_COATED_OSMIUM;9994;11;9992;24;;;10013;24;;;;;10003.5;58.0
0;10400;INTARIAN_PEPPER_ROOT;12004;9;12001;20;;;12017;9;12020;20;;;12010.5;270.0
0;10400;ASH_COATED_OSMIUM;9994;11;;;;;10010;11;10013;25;;;10002.0;58.0234375
0;10500;ASH_COATED_OSMIUM;9994;14;9992;26;;;10010;14;10013;26;;;10002.0;58.0859375
0;10500;INTARIAN_PEPPER_ROOT;12004;9;12001;21;;;12017;9;;;;;12010.5;278.0
0;10600;ASH_COATED_OSMIUM;9994;10;9992;20;;;10010;10;10013;20;;;10002.0;59.140625
0;10600;INTARIAN_PEPPER_ROOT;12004;11;12001;18;;;12017;11;12020;18;;;12010.5;286.0
0;10700;INTARIAN_PEPPER_ROOT;12004;10;12001;22;;;12017;10;12020;22;;;12010.5;294.0
0;10700;ASH_COATED_OSMIUM;9992;24;;;;;10013;24;;;;;10002.5;59.390625
0;10800;INTARIAN_PEPPER_ROOT;12004;12;12001;22;;;12017;12;12020;22;;;12010.5;302.0
0;10800;ASH_COATED_OSMIUM;9994;10;9992;23;;;10010;10;;;;;10002.0;52.5625
0;10900;ASH_COATED_OSMIUM;9995;15;9992;22;;;10011;15;10013;22;;;10003.0;50.5625
0;10900;INTARIAN_PEPPER_ROOT;12008;7;12001;25;;;12017;9;12020;25;;;12012.5;310.0
0;11000;INTARIAN_PEPPER_ROOT;12004;10;12001;19;;;12018;10;;;;;12011.0;318.0
0;11000;ASH_COATED_OSMIUM;9995;10;9992;26;;;;;;;;;9995.0;50.328125
0;11100;INTARIAN_PEPPER_ROOT;12005;8;12002;19;;;12018;8;12021;19;;;12011.5;326.0
0;11100;ASH_COATED_OSMIUM;9995;14;9992;30;;;10011;14;10013;30;;;10003.0;51.140625
0;11200;INTARIAN_PEPPER_ROOT;12002;23;;;;;12018;9;12021;23;;;12010.0;334.0
0;11200;ASH_COATED_OSMIUM;9992;28;;;;;10013;28;;;;;10002.5;56.984375
0;11300;INTARIAN_PEPPER_ROOT;12005;9;12002;18;;;12018;9;12021;18;;;12011.5;342.0
0;11300;ASH_COATED_OSMIUM;9994;13;9992;25;;;10010;13;10013;25;;;10002.0;59.890625
0;11400;ASH_COATED_OSMIUM;9994;15;9992;30;;;10013;30;;;;;10003.5;56.6875
0;11400;INTARIAN_PEPPER_ROOT;12005;10;12002;23;;;12018;10;12021;23;;;12011.5;350.0
0;11500;ASH_COATED_OSMIUM;9994;10;9992;28;;;10010;10;10013;28;;;10002.0;59.3125
0;11500;INTARIAN_PEPPER_ROOT;12002;24;;;;;12018;11;12021;24;;;12010.0;358.0
0;11600;ASH_COATED_OSMIUM;9992;22;;;;;10010;13;10013;22;;;10001.0;59.828125
0;11600;INTARIAN_PEPPER_ROOT;12005;12;12002;15;;;12018;12;12021;15;;;12011.5;366.0
0;11700;ASH_COATED_OSMIUM;9994;15;9992;20;;;10010;15;;;;;10002.0;52.5625
0;11700;INTARIAN_PEPPER_ROOT;12005;11;12002;18;;;12021;18;;;;;12013.0;374.0
0;11800;ASH_COATED_OSMIUM;;;;;;;10010;14;;;;;10010.0;63.546875
0;11800;INTARIAN_PEPPER_ROOT;12005;11;;;;;12018;11;12021;17;;;12011.5;382.0
0;11900;ASH_COATED_OSMIUM;9994;10;9992;22;;;10010;10;10013;22;;;10002.0;57.703125
0;11900;INTARIAN_PEPPER_ROOT;12005;8;12002;23;;;12018;8;12021;23;;;12011.5;390.0
0;12000;ASH_COATED_OSMIUM;9994;10;9992;27;;;10010;10;10013;27;;;10002.0;57.625
0;12000;INTARIAN_PEPPER_ROOT;12005;9;;;;;12019;9;12022;25;;;12012.0;398.0
0;12100;INTARIAN_PEPPER_ROOT;12006;10;12003;20;;;12019;10;;;;;12012.5;406.0
0;12100;ASH_COATED_OSMIUM;9994;15;9992;23;;;10013;23;;;;;10003.5;56.5
0;12200;INTARIAN_PEPPER_ROOT;12003;17;;;;;12019;12;12022;17;;;12011.0;414.0
0;12200;ASH_COATED_OSMIUM;9994;12;9992;23;;;10013;23;;;;;10003.5;54.265625
0;12300;INTARIAN_PEPPER_ROOT;;;;;;;12019;9;12022;21;;;12019.0;422.0
0;12300;ASH_COATED_OSMIUM;9994;13;9992;24;;;10010;13;;;;;10002.0;51.734375
0;12400;INTARIAN_PEPPER_ROOT;12003;15;;;;;12019;8;12022;15;;;12011.0;430.0
0;12400;ASH_COATED_OSMIUM;9992;29;;;;;10011;13;;;;;10001.5;62.34375
0;12500;ASH_COATED_OSMIUM;9995;10;9992;22;;;10011;10;10013;22;;;10003.0;62.2265625
0;12500;INTARIAN_PEPPER_ROOT;12006;12;12003;23;;;12022;23;;;;;12014.0;438.0
0;12600;INTARIAN_PEPPER_ROOT;12003;23;;;;;12019;10;12022;23;;;12011.0;446.0
0;12600;ASH_COATED_OSMIUM;9995;15;;;;;10011;15;10013;26;;;10003.0;61.75
0;12700;ASH_COATED_OSMIUM;9992;27;;;;;10011;12;10013;27;;;10001.5;65.2734375
0;12700;INTARIAN_PEPPER_ROOT;12006;8;12003;21;;;12019;8;;;;;12012.5;454.0
0;12800;INTARIAN_PEPPER_ROOT;12003;22;;;;;;;;;;;12003.0;462.0
0;12800;ASH_COATED_OSMIUM;9994;13;;;;;10010;13;10013;28;;;10002.0;69.390625
0;12900;ASH_COATED_OSMIUM;9995;12;9992;21;;;10011;12;10013;21;;;10003.0;65.4140625
0;12900;INTARIAN_PEPPER_ROOT;12006;12;12003;23;;;12019;12;12022;23;;;12012.5;470.0
0;13000;INTARIAN_PEPPER_ROOT;12006;8;12003;17;;;12020;8;12023;17;;;12013.0;478.0
0;13000;ASH_COATED_OSMIUM;9995;12;;;;;10013;30;;;;;10004.0;64.15625
0;13100;ASH_COATED_OSMIUM;9995;12;9993;21;;;10011;12;10014;21;;;10003.0;59.28125
0;13100;INTARIAN_PEPPER_ROOT;12004;24;;;;;12020;12;;;;;12012.0;486.0
0;13200;INTARIAN_PEPPER_ROOT;12007;9;12004;21;;;12020;9;12023;21;;;12013.5;494.0
0;13200;ASH_COATED_OSMIUM;9993;29;;;;;10012;12;10014;29;;;10002.5;52.5
0;13300;ASH_COATED_OSMIUM;9995;12;9993;22;;;10011;12;;;;;10003.0;56.109375
0;13300;INTARIAN_PEPPER_ROOT;12004;15;;;;;12020;8;12023;15;;;12012.0;502.0
0;13400;INTARIAN_PEPPER_ROOT;12007;8;12004;20;;;12020;8;12023;20;;;12013.5;510.0
0;13400;ASH_COATED_OSMIUM;9995;13;9992;26;;;10011;13;10013;26;;;10003.0;62.984375
0;13500;ASH_COATED_OSMIUM;9995;14;;;;;10011;14;10014;24;;;10003.0;59.3671875
0;13500;INTARIAN_PEPPER_ROOT;12007;9;12004;16;;;12020;9;12023;16;;;12013.5;518.0
0;13600;INTARIAN_PEPPER_ROOT;12007;9;12004;21;;;12020;9;12023;21;;;12013.5;526.0
0;13600;ASH_COATED_OSMIUM;9995;10;9992;24;;;10013;24;;;;;10004.0;62.421875
0;13700;ASH_COATED_OSMIUM;9995;14;9993;28;;;10011;14;10014;28;;;10003.0;58.984375
0;13700;INTARIAN_PEPPER_ROOT;12007;8;12004;22;;;12020;8;12023;22;;;12013.5;534.0
0;13800;INTARIAN_PEPPER_ROOT;12007;11;12004;19;;;12023;19;;;;;12015.0;542.0
0;13800;ASH_COATED_OSMIUM;9995;11;9993;23;;;10011;11;10014;23;;;10003.0;60.6875
0;13900;ASH_COATED_OSMIUM;9995;11;9992;20;;;10011;11;10013;20;;;10003.0;61.8046875
0;13900;INTARIAN_PEPPER_ROOT;12007;8;12004;15;;;12020;8;12023;15;;;12013.5;550.0
0;14000;INTARIAN_PEPPER_ROOT;12007;12;;;;;12021;12;12024;17;;;12014.0;558.0
0;14000;ASH_COATED_OSMIUM;9995;12;;;;;10011;12;10013;28;;;10003.0;65.515625
0;14100;ASH_COATED_OSMIUM;9995;14;9992;20;;;;;;;;;9995.0;65.6328125
0;14100;INTARIAN_PEPPER_ROOT;12008;11;12005;17;;;12021;11;12024;17;;;12014.5;566.0
0;14200;INTARIAN_PEPPER_ROOT;12008;9;12005;24;;;12021;9;12024;24;;;12014.5;574.0
0;14200;ASH_COATED_OSMIUM;9999;4;9994;13;9991;21;10010;13;10012;21;;;10004.5;72.1484375
0;14300;ASH_COATED_OSMIUM;9994;15;9991;21;;;10010;15;;;;;10002.0;73.1171875
0;14300;INTARIAN_PEPPER_ROOT;12017;6;12008;12;;;12021;12;12024;25;;;12019.0;582.0
0;14400;INTARIAN_PEPPER_ROOT;12008;8;12005;23;;;12021;8;12024;23;;;12014.5;590.0
0;14400;ASH_COATED_OSMIUM;9994;10;9991;21;;;10003;4;10010;10;;;9998.5;72.1796875
0;14500;ASH_COATED_OSMIUM;9994;10;;;;;10010;10;10013;28;;;10002.0;71.3046875
0;14500;INTARIAN_PEPPER_ROOT;12005;25;;;;;;;;;;;12005.0;598.0
0;14600;INTARIAN_PEPPER_ROOT;12005;23;;;;;12024;23;;;;;12014.5;606.0
0;14600;ASH_COATED_OSMIUM;9994;10;9992;27;;;10010;10;;;;;10002.0;71.609375
0;14700;ASH_COATED_OSMIUM;9992;23;;;;;10010;13;10013;23;;;10001.0;65.125
0;14700;INTARIAN_PEPPER_ROOT;12008;8;;;;;12021;8;12024;16;;;12014.5;614.0
0;14800;INTARIAN_PEPPER_ROOT;;;;;;;12021;9;12024;21;;;12021.0;622.0
0;14800;ASH_COATED_OSMIUM;9994;15;9992;30;;;10010;15;;;;;10002.0;67.546875
0;14900;ASH_COATED_OSMIUM;9994;15;9992;25;;;10010;15;10013;25;;;10002.0;66.15625
0;14900;INTARIAN_PEPPER_ROOT;12008;9;12005;21;;;12021;9;12024;21;;;12014.5;630.0
0;15000;INTARIAN_PEPPER_ROOT;12008;9;12005;25;;;;;;;;;12008.0;638.0
0;15000;ASH_COATED_OSMIUM;9994;13;;;;;10010;13;10013;25;;;10002.0;64.34375
0;15100;ASH_COATED_OSMIUM;9994;12;9991;20;;;10010;12;10012;20;;;10002.0;71.84375
0;15100;INTARIAN_PEPPER_ROOT;12006;21;;;;;12022;9;12025;21;;;12014.0;646.0
0;15200;INTARIAN_PEPPER_ROOT;12009;9;12006;22;;;12022;9;12025;22;;;12015.5;654.0
0;15200;ASH_COATED_OSMIUM;9992;21;;;;;10010;15;10013;21;;;10001.0;62.046875
0;15300;ASH_COATED_OSMIUM;9992;22;;;;;10013;22;;;;;10002.5;67.359375
0;15300;INTARIAN_PEPPER_ROOT;12009;9;12006;17;;;12022;9;12025;17;;;12015.5;662.0
0;15400;INTARIAN_PEPPER_ROOT;12009;11;12006;18;;;12022;11;;;;;12015.5;670.0
0;15400;ASH_COATED_OSMIUM;9994;11;;;;;10010;11;10012;30;;;10002.0;69.40625
0;15500;INTARIAN_PEPPER_ROOT;12009;8;12006;21;;;12022;8;12025;21;;;12015.5;678.0
0;15500;ASH_COATED_OSMIUM;9991;25;;;;;10009;10;10012;25;;;10000.0;75.65625
0;15600;INTARIAN_PEPPER_ROOT;12009;10;12006;21;;;12022;10;12025;21;;;12015.5;686.0
0;15600;ASH_COATED_OSMIUM;9994;10;9991;22;;;10010;10;10012;22;;;10002.0;74.40625
0;15700;INTARIAN_PEPPER_ROOT;12009;10;12006;17;;;12025;17;;;;;12017.0;694.0
0;15700;ASH_COATED_OSMIUM;9993;15;9991;28;;;10009;15;10012;28;;;10001.0;81.328125
0;15800;ASH_COATED_OSMIUM;9990;26;;;;;10009;12;10011;26;;;9999.5;84.046875
0;15800;INTARIAN_PEPPER_ROOT;12013;7;12009;8;12006;25;12022;8;12025;25;;;12017.5;702.0
0;15900;ASH_COATED_OSMIUM;9993;14;9991;20;;;10003;3;10009;14;10012;20;9998.0;77.4375
0;15900;INTARIAN_PEPPER_ROOT;12009;8;12006;19;;;12022;8;;;;;12015.5;710.0
0;16000;ASH_COATED_OSMIUM;9991;20;;;;;10009;11;10012;20;;;10000.0;76.90625
0;16000;INTARIAN_PEPPER_ROOT;12006;23;;;;;12023;8;12026;23;;;12014.5;718.0
0;16100;ASH_COATED_OSMIUM;9994;13;;;;;10003;2;10010;13;;;9998.5;74.28125
0;16100;INTARIAN_PEPPER_ROOT;12010;11;;;;;12023;11;12026;17;;;12016.5;726.0
0;16200;ASH_COATED_OSMIUM;9994;15;;;;;10012;27;;;;;10003.0;74.125
0;16200;INTARIAN_PEPPER_ROOT;12010;11;;;;;12023;11;12026;18;;;12016.5;734.0
0;16300;ASH_COATED_OSMIUM;9991;21;;;;;10009;11;10012;21;;;10000.0;79.046875
0;16300;INTARIAN_PEPPER_ROOT;12010;10;12007;22;;;12023;10;;;;;12016.5;742.0
0;16400;ASH_COATED_OSMIUM;9993;12;9991;25;;;10012;25;;;;;10002.5;81.65625
0;16400;INTARIAN_PEPPER_ROOT;12010;10;12007;20;;;12023;10;12026;20;;;12016.5;750.0
0;16500;ASH_COATED_OSMIUM;9993;13;9990;22;;;10009;13;10011;22;;;10001.0;84.25
0;16500;INTARIAN_PEPPER_ROOT;12010;8;12007;24;;;12026;24;;;;;12018.0;758.0
0;16600;INTARIAN_PEPPER_ROOT;12010;10;12007;22;;;12023;10;12026;22;;;12016.5;766.0
0;16600;ASH_COATED_OSMIUM;9992;12;9990;26;;;10008;12;10011;26;;;10000.0;94.546875
0;16700;INTARIAN_PEPPER_ROOT;12010;8;12007;22;;;12026;22;;;;;12018.0;774.0
0;16700;ASH_COATED_OSMIUM;;;;;;;;;;;;;0.0;96.15625
0;16800;INTARIAN_PEPPER_ROOT;12010;8;12007;16;;;12023;8;12026;16;;;12016.5;782.0
0;16800;ASH_COATED_OSMIUM;10002;7;9990;25;;;10008;13;10011;25;;;10005.0;95.9375
0;16900;INTARIAN_PEPPER_ROOT;12010;11;;;;;12023;11;12026;18;;;12016.5;790.0
0;16900;ASH_COATED_OSMIUM;9992;11;9990;22;;;10008;11;10011;22;;;10000.0;105.53125
0;17000;INTARIAN_PEPPER_ROOT;12010;8;;;;;12027;21;;;;;12018.5;798.0
0;17000;ASH_COATED_OSMIUM;9991;25;;;;;10009;10;10012;25;;;10000.0;88.5
0;17100;ASH_COATED_OSMIUM;9993;12;9991;26;;;10009;12;;;;;10001.0;80.890625
0;17100;INTARIAN_PEPPER_ROOT;12011;10;12008;21;;;12027;21;;;;;12019.0;806.0
0;17200;ASH_COATED_OSMIUM;9993;12;9991;27;;;10009;12;10012;27;;;10001.0;82.65625
0;17200;INTARIAN_PEPPER_ROOT;12011;10;12008;17;;;12024;10;;;;;12017.5;814.0
0;17300;INTARIAN_PEPPER_ROOT;12011;11;12008;24;;;12024;11;12027;24;;;12017.5;822.0
0;17300;ASH_COATED_OSMIUM;9993;14;;;;;10009;14;10012;27;;;10001.0;84.03125
0;17400;INTARIAN_PEPPER_ROOT;12011;8;12008;16;;;12024;8;12027;16;;;12017.5;830.0
0;17400;ASH_COATED_OSMIUM;9994;13;;;;;10010;13;10012;25;;;10002.0;72.75
0;17500;ASH_COATED_OSMIUM;9993;14;9991;26;;;10009;14;;;;;10001.0;79.09375
0;17500;INTARIAN_PEPPER_ROOT;12011;12;12008;16;;;12024;12;12027;16;;;12017.5;838.0
0;17600;ASH_COATED_OSMIUM;9993;12;9991;29;;;10009;12;10012;29;;;10001.0;83.53125
0;17600;INTARIAN_PEPPER_ROOT;12011;12;;;;;12024;12;;;;;12017.5;846.0
0;17700;INTARIAN_PEPPER_ROOT;12011;9;12008;16;;;;;;;;;12011.0;854.0
0;17700;ASH_COATED_OSMIUM;9993;14;9990;22;;;;;;;;;9993.0;97.28125
0;17800;INTARIAN_PEPPER_ROOT;12011;9;12008;17;;;12024;9;12027;17;;;12017.5;862.0
0;17800;ASH_COATED_OSMIUM;9993;14;;;;;10009;14;10011;30;;;10001.0;105.21875
0;17900;ASH_COATED_OSMIUM;9993;11;9991;21;;;10009;11;10012;21;;;10001.0;93.234375
0;17900;INTARIAN_PEPPER_ROOT;12011;8;12008;17;;;12024;8;12027;17;;;12017.5;870.0
0;18000;ASH_COATED_OSMIUM;9993;10;9991;24;;;10009;10;10012;24;;;10001.0;86.734375
0;18000;INTARIAN_PEPPER_ROOT;12011;8;12008;25;;;;;;;;;12011.0;878.0
0;18100;INTARIAN_PEPPER_ROOT;12012;9;;;;;12025;9;12028;18;;;12018.5;886.0
0;18100;ASH_COATED_OSMIUM;9993;12;9991;28;;;10009;12;10012;28;;;10001.0;95.0
0;18200;INTARIAN_PEPPER_ROOT;12009;16;;;;;12025;9;12028;16;;;12017.0;894.0
0;18200;ASH_COATED_OSMIUM;9993;14;;;;;10012;23;;;;;10002.5;97.265625
0;18300;ASH_COATED_OSMIUM;9993;10;9991;20;;;10009;10;10012;20;;;10001.0;94.65625
0;18300;INTARIAN_PEPPER_ROOT;12009;24;;;;;12025;12;12028;24;;;12017.0;902.0
0;18400;ASH_COATED_OSMIUM;9994;15;;;;;10010;15;;;;;10002.0;87.0
0;18400;INTARIAN_PEPPER_ROOT;12012;8;12009;21;;;12025;8;12028;21;;;12018.5;910.0
0;18500;INTARIAN_PEPPER_ROOT;12012;9;12009;18;;;12025;9;12028;18;;;12018.5;918.0
0;18500;ASH_COATED_OSMIUM;9994;15;;;;;10010;15;10012;21;;;10002.0;86.109375
0;18600;INTARIAN_PEPPER_ROOT;12012;10;12009;22;;;12025;10;12028;22;;;12018.5;926.0
0;18600;ASH_COATED_OSMIUM;9994;11;9991;21;;;10010;11;;;;;10002.0;89.796875
0;18700;ASH_COATED_OSMIUM;9994;14;9991;30;;;10003;2;10010;14;10012;30;9998.5;84.46875
0;18700;INTARIAN_PEPPER_ROOT;12012;9;12009;19;;;12021;5;12025;9;12028;19;12016.5;934.0
0;18800;ASH_COATED_OSMIUM;9994;15;9992;24;;;10010;15;;;;;10002.0;83.40625
0;18800;INTARIAN_PEPPER_ROOT;12012;10;12009;19;;;12025;10;12028;19;;;12018.5;942.0
0;18900;INTARIAN_PEPPER_ROOT;12012;9;12009;25;;;12028;25;;;;;12020.0;950.0
0;18900;ASH_COATED_OSMIUM;9991;25;;;;;10010;15;;;;;10000.5;90.0
0;19000;INTARIAN_PEPPER_ROOT;12012;9;12009;15;;;12026;9;12029;15;;;12019.0;958.0
0;19000;ASH_COATED_OSMIUM;9994;15;9991;30;;;10010;15;10012;30;;;10002.0;91.484375
0;19100;ASH_COATED_OSMIUM;9994;11;;;;;10012;21;;;;;10003.0;88.734375
0;19100;INTARIAN_PEPPER_ROOT;12013;8;12010;17;;;12026;8;12029;17;;;12019.5;966.0
0;19200;ASH_COATED_OSMIUM;9993;15;9991;26;;;10009;15;10012;26;;;10001.0;96.703125
0;19200;INTARIAN_PEPPER_ROOT;;;;;;;12026;10;12029;19;;;12026.0;974.0
0;19300;INTARIAN_PEPPER_ROOT;12013;8;;;;;12015;5;12026;8;12029;19;12014.0;982.0
0;19300;ASH_COATED_OSMIUM;10003;7;9993;10;9991;23;10009;10;10012;23;;;10006.0;102.921875
0;19400;INTARIAN_PEPPER_ROOT;12010;18;;;;;12026;11;12029;18;;;12018.0;990.0
0;19400;ASH_COATED_OSMIUM;9993;14;9991;24;;;10009;14;;;;;10001.0;110.5
0;19500;ASH_COATED_OSMIUM;9990;23;;;;;10009;15;10011;23;;;9999.5;144.09375
0;19500;INTARIAN_PEPPER_ROOT;12010;17;;;;;12029;17;;;;;12019.5;998.0
0;19600;ASH_COATED_OSMIUM;9993;11;9990;26;;;10009;11;10011;26;;;10001.0;147.875
0;19600;INTARIAN_PEPPER_ROOT;12013;10;;;;;12026;10;12029;15;;;12019.5;1006.0
0;19700;INTARIAN_PEPPER_ROOT;12013;11;;;;;12029;17;;;;;12021.0;1014.0
0;19700;ASH_COATED_OSMIUM;9993;14;9990;29;;;10011;29;;;;;10002.0;144.8125
0;19800;INTARIAN_PEPPER_ROOT;12013;8;12010;21;;;12026;8;12029;21;;;12019.5;1022.0
0;19800;ASH_COATED_OSMIUM;9993;10;9990;26;;;10009;10;;;;;10001.0;139.96875
0;19900;INTARIAN_PEPPER_ROOT;12013;10;12010;20;;;12026;10;12029;20;;;12019.5;1030.0
0;19900;ASH_COATED_OSMIUM;9993;12;9991;22;;;10009;12;10012;22;;;10001.0;135.109375
0;20000;INTARIAN_PEPPER_ROOT;12013;11;12010;25;;;12027;11;;;;;12020.0;1038.0
0;20000;ASH_COATED_OSMIUM;9993;10;;;;;;;;;;;9993.0;132.46875
0;20100;INTARIAN_PEPPER_ROOT;12014;12;;;;;12027;12;12030;15;;;12020.5;1046.0
0;20100;ASH_COATED_OSMIUM;9990;29;;;;;10009;15;10011;29;;;9999.5;139.8125
0;20200;INTARIAN_PEPPER_ROOT;12014;9;12011;24;;;12016;5;12027;9;12030;24;12015.0;1054.0
0;20200;ASH_COATED_OSMIUM;9993;12;9990;20;;;10009;12;10011;20;;;10001.0;138.0
0;20300;ASH_COATED_OSMIUM;9990;24;;;;;10009;14;10011;24;;;9999.5;140.0625
0;20300;INTARIAN_PEPPER_ROOT;12014;9;12011;17;;;;;;;;;12014.0;1062.0
0;20400;ASH_COATED_OSMIUM;9992;14;;;;;10008;14;10011;27;;;10000.0;152.65625
0;20400;INTARIAN_PEPPER_ROOT;12011;24;;;;;12027;10;12030;24;;;12019.0;1070.0
0;20500;ASH_COATED_OSMIUM;9990;25;;;;;10002;2;10008;15;10011;25;9996.0;161.75
0;20500;INTARIAN_PEPPER_ROOT;12014;10;;;;;12027;10;12030;15;;;12020.5;1078.0
0;20600;ASH_COATED_OSMIUM;9992;15;;;;;10008;15;;;;;10000.0;158.125
0;20600;INTARIAN_PEPPER_ROOT;12014;9;12011;25;;;12027;9;12030;25;;;12020.5;1086.0
0;20700;ASH_COATED_OSMIUM;9992;11;9990;30;;;10008;11;10011;30;;;10000.0;163.71875
0;20700;INTARIAN_PEPPER_ROOT;12014;11;12011;15;;;12030;15;;;;;12022.0;1094.0
0;20800;ASH_COATED_OSMIUM;9992;12;;;;;10008;12;10011;24;;;10000.0;160.875
0;20800;INTARIAN_PEPPER_ROOT;12011;24;;;;;12027;11;12030;24;;;12019.0;1102.0
0;20900;ASH_COATED_OSMIUM;9992;12;9990;29;;;10008;12;10011;29;;;10000.0;162.28125
0;20900;INTARIAN_PEPPER_ROOT;12014;10;12011;25;;;12027;10;12030;25;;;12020.5;1110.0
0;21000;INTARIAN_PEPPER_ROOT;12014;12;12011;19;;;12031;19;;;;;12022.5;1118.0
0;21000;ASH_COATED_OSMIUM;9993;14;9990;25;;;10009;14;10011;25;;;10001.0;149.5
0;21100;INTARIAN_PEPPER_ROOT;12015;9;12012;15;;;12028;9;12031;15;;;12021.5;1126.0
0;21100;ASH_COATED_OSMIUM;9998;2;9992;12;9990;28;10008;12;10011;28;;;10003.0;162.625
0;21200;INTARIAN_PEPPER_ROOT;12015;10;12012;19;;;12028;10;12031;19;;;12021.5;1134.0
0;21200;ASH_COATED_OSMIUM;9992;14;9990;29;;;;;;;;;9992.0;152.65625
0;21300;INTARIAN_PEPPER_ROOT;12015;8;12012;24;;;;;;;;;12015.0;1142.0
0;21300;ASH_COATED_OSMIUM;9993;11;9990;22;;;10009;11;10011;22;;;10001.0;150.125
0;21400;INTARIAN_PEPPER_ROOT;12015;12;12012;24;;;12028;12;12031;24;;;12021.5;1150.0
0;21400;ASH_COATED_OSMIUM;9990;29;;;;;10008;14;;;;;9999.0;156.625
0;21500;ASH_COATED_OSMIUM;9993;11;;;;;10009;11;;;;;10001.0;150.71875
0;21500;INTARIAN_PEPPER_ROOT;12015;11;12012;25;;;12028;11;12031;25;;;12021.5;1158.0
0;21600;INTARIAN_PEPPER_ROOT;12015;12;12012;22;;;12028;12;12031;22;;;12021.5;1166.0
0;21600;ASH_COATED_OSMIUM;9990;20;;;;;10009;14;10011;20;;;9999.5;146.875
0;21700;ASH_COATED_OSMIUM;9993;11;9990;25;;;;;;;;;9993.0;147.40625
0;21700;INTARIAN_PEPPER_ROOT;12015;12;12012;16;;;12031;16;;;;;12023.0;1174.0
0;21800;INTARIAN_PEPPER_ROOT;12015;10;12012;16;;;12028;10;12031;16;;;12021.5;1182.0
0;21800;ASH_COATED_OSMIUM;9991;25;;;;;10009;14;10012;25;;;10000.0;133.3125
0;21900;ASH_COATED_OSMIUM;9993;13;9991;27;;;10009;13;;;;;10001.0;124.09375
0;21900;INTARIAN_PEPPER_ROOT;12015;8;12012;15;;;12028;8;12031;15;;;12021.5;1190.0
0;22000;INTARIAN_PEPPER_ROOT;12012;20;;;;;12032;20;;;;;12022.0;1198.0
0;22000;ASH_COATED_OSMIUM;10003;6;9993;15;9991;20;10009;15;10012;20;;;10006.0;134.78125
0;22100;ASH_COATED_OSMIUM;9993;10;9991;22;;;10009;10;10012;22;;;10001.0;142.1875
0;22100;INTARIAN_PEPPER_ROOT;12016;9;12013;23;;;12029;9;;;;;12022.5;1206.0
0;22200;INTARIAN_PEPPER_ROOT;12016;11;12013;21;;;12029;11;12032;21;;;12022.5;1214.0
0;22200;ASH_COATED_OSMIUM;9994;13;9991;23;;;10010;13;10012;23;;;10002.0;132.15625
0;22300;ASH_COATED_OSMIUM;9994;13;9991;28;;;10012;28;;;;;10003.0;123.375
0;22300;INTARIAN_PEPPER_ROOT;12016;12;12013;22;;;12029;12;12032;22;;;12022.5;1222.0
0;22400;INTARIAN_PEPPER_ROOT;12016;11;12013;25;;;12029;11;12032;25;;;12022.5;1230.0
0;22400;ASH_COATED_OSMIUM;9993;10;;;;;10012;23;;;;;10002.5;146.84375
0;22500;ASH_COATED_OSMIUM;9994;10;9991;27;;;10010;10;;;;;10002.0;117.1875
0;22500;INTARIAN_PEPPER_ROOT;12016;12;12013;25;;;12029;12;12032;25;;;12022.5;1238.0
0;22600;INTARIAN_PEPPER_ROOT;12016;8;12013;19;;;12029;8;12032;19;;;12022.5;1246.0
0;22600;ASH_COATED_OSMIUM;9992;25;;;;;10010;15;10013;25;;;10001.0;115.40625
0;22700;ASH_COATED_OSMIUM;9994;14;;;;;10010;14;;;;;10002.0;124.375
0;22700;INTARIAN_PEPPER_ROOT;12016;8;12013;19;;;12029;8;12032;19;;;12022.5;1254.0
0;22800;INTARIAN_PEPPER_ROOT;12013;23;;;;;12029;9;12032;23;;;12021.0;1262.0
0;22800;ASH_COATED_OSMIUM;9993;12;;;;;10012;26;;;;;10002.5;143.15625
0;22900;ASH_COATED_OSMIUM;;;;;;;10009;11;10012;22;;;10009.0;142.4375
0;22900;INTARIAN_PEPPER_ROOT;12016;11;12013;25;;;12029;11;;;;;12022.5;1270.0
0;23000;INTARIAN_PEPPER_ROOT;12016;12;12013;23;;;12030;12;12033;23;;;12023.0;1278.0
0;23000;ASH_COATED_OSMIUM;9991;20;;;;;10009;12;;;;;10000.0;135.96875
0;23100;ASH_COATED_OSMIUM;9993;13;9991;26;;;10009;13;;;;;10001.0;155.90625
0;23100;INTARIAN_PEPPER_ROOT;12017;9;12014;20;;;12030;9;12033;20;;;12023.5;1286.0
0;23200;INTARIAN_PEPPER_ROOT;;;;;;;12030;12;;;;;12030.0;1294.0
0;23200;ASH_COATED_OSMIUM;9993;14;9990;24;;;10009;14;10011;24;;;10001.0;167.53125
0;23300;ASH_COATED_OSMIUM;9992;10;9990;21;;;10008;10;10011;21;;;10000.0;174.65625
0;23300;INTARIAN_PEPPER_ROOT;12017;9;12014;25;;;12030;9;12033;25;;;12023.5;1302.0
0;23400;INTARIAN_PEPPER_ROOT;;;;;;;12033;15;;;;;12033.0;1310.0
0;23400;ASH_COATED_OSMIUM;9990;29;;;;;10009;15;10011;29;;;9999.5;159.3125
0;23500;ASH_COATED_OSMIUM;9993;10;;;;;10011;30;;;;;10002.0;161.6875
0;23500;INTARIAN_PEPPER_ROOT;12017;9;12014;15;;;12033;15;;;;;12025.0;1318.0
0;23600;INTARIAN_PEPPER_ROOT;12017;8;12014;25;;;12030;8;12033;25;;;12023.5;1326.0
0;23600;ASH_COATED_OSMIUM;9993;10;9990;25;;;10009;10;10011;25;;;10001.0;171.40625
0;23700;ASH_COATED_OSMIUM;9990;20;;;;;10008;15;10011;20;;;9999.0;178.25
0;23700;INTARIAN_PEPPER_ROOT;12017;10;12014;20;;;;;;;;;12017.0;1334.0
0;23800;INTARIAN_PEPPER_ROOT;12017;10;12014;15;;;12030;10;12033;15;;;12023.5;1342.0
0;23800;ASH_COATED_OSMIUM;9992;11;9990;22;;;10008;11;10011;22;;;10000.0;178.0
0;23900;ASH_COATED_OSMIUM;9993;14;9990;27;;;;;;;;;9993.0;163.46875
0;23900;INTARIAN_PEPPER_ROOT;12017;8;12014;23;;;12030;8;12033;23;;;12023.5;1350.0
0;24000;INTARIAN_PEPPER_ROOT;12017;12;12014;25;;;12031;12;12034;25;;;12024.0;1358.0
0;24000;ASH_COATED_OSMIUM;9990;29;;;;;;;;;;;9990.0;158.9375
0;24100;ASH_COATED_OSMIUM;9993;10;9990;20;;;10011;20;;;;;10002.0;159.8125
0;24100;INTARIAN_PEPPER_ROOT;12018;9;12015;25;;;12031;9;12034;25;;;12024.5;1366.0
0;24200;INTARIAN_PEPPER_ROOT;12018;8;12015;23;;;12031;8;12034;23;;;12024.5;1374.0
0;24200;ASH_COATED_OSMIUM;9992;14;9990;23;;;10008;14;;;;;10000.0;178.21875
0;24300;INTARIAN_PEPPER_ROOT;12015;21;;;;;12031;11;;;;;12023.0;1382.0
0;24300;ASH_COATED_OSMIUM;9993;14;9990;27;;;10009;14;10011;27;;;10001.0;166.4375
0;24400;INTARIAN_PEPPER_ROOT;12018;11;12015;19;;;12031;11;12034;19;;;12024.5;1390.0
0;24400;ASH_COATED_OSMIUM;9992;14;9990;28;;;10008;14;10011;28;;;10000.0;190.125
0;24500;INTARIAN_PEPPER_ROOT;12018;11;12015;23;;;12031;11;12034;23;;;12024.5;1398.0
0;24500;ASH_COATED_OSMIUM;9992;14;9990;24;;;10008;14;10011;24;;;10000.0;194.4375
0;24600;INTARIAN_PEPPER_ROOT;12018;11;12015;21;;;12031;11;12034;21;;;12024.5;1406.0
0;24600;ASH_COATED_OSMIUM;9992;12;9990;22;;;10008;12;10011;22;;;10000.0;198.75
0;24700;ASH_COATED_OSMIUM;;;;;;;10009;15;10011;20;;;10009.0;175.4375
0;24700;INTARIAN_PEPPER_ROOT;12022;12;12018;11;12015;20;12031;11;12034;20;;;12026.5;1414.0
0;24800;ASH_COATED_OSMIUM;9993;10;;;;;10009;10;10011;28;;;10001.0;172.40625
0;24800;INTARIAN_PEPPER_ROOT;12018;8;;;;;12031;8;12034;25;;;12024.5;1422.0
0;24900;ASH_COATED_OSMIUM;9993;13;9990;24;;;;;;;;;9993.0;173.125
0;24900;INTARIAN_PEPPER_ROOT;12018;9;12015;23;;;12031;9;12034;23;;;12024.5;1430.0
0;25000;ASH_COATED_OSMIUM;;;;;;;10009;13;;;;;10009.0;178.65625
0;25000;INTARIAN_PEPPER_ROOT;12018;9;12015;25;;;12032;9;12035;25;;;12025.0;1438.0
0;25100;ASH_COATED_OSMIUM;9999;5;9993;13;9991;26;10009;13;10012;26;;;10004.0;153.5625
0;25100;INTARIAN_PEPPER_ROOT;12019;10;12016;18;;;12032;10;;;;;12025.5;1446.0
0;25200;ASH_COATED_OSMIUM;9993;13;9990;24;;;10009;13;;;;;10001.0;169.21875
0;25200;INTARIAN_PEPPER_ROOT;12019;10;12016;18;;;12035;18;;;;;12027.0;1454.0
0;25300;ASH_COATED_OSMIUM;9993;12;9990;21;;;10009;12;10011;21;;;10001.0;170.09375
0;25300;INTARIAN_PEPPER_ROOT;12019;12;;;;;12032;12;12035;15;;;12025.5;1462.0
0;25400;INTARIAN_PEPPER_ROOT;12019;8;12016;18;;;12035;18;;;;;12027.0;1470.0
0;25400;ASH_COATED_OSMIUM;;;;;;;10009;11;10011;27;;;10009.0;171.09375
0;25500;INTARIAN_PEPPER_ROOT;12019;12;12016;22;;;12032;12;12035;22;;;12025.5;1478.0
0;25500;ASH_COATED_OSMIUM;9993;14;9990;23;;;10009;14;10011;23;;;10001.0;171.9375
0;25600;INTARIAN_PEPPER_ROOT;12019;10;12016;19;;;12032;10;12035;19;;;12025.5;1486.0
0;25600;ASH_COATED_OSMIUM;9993;14;9990;24;;;10009;14;10011;24;;;10001.0;172.875
0;25700;INTARIAN_PEPPER_ROOT;12019;12;12016;22;;;12032;12;12035;22;;;12025.5;1494.0
0;25700;ASH_COATED_OSMIUM;9993;10;9990;24;;;10009;10;10011;24;;;10001.0;180.84375
0;25800;ASH_COATED_OSMIUM;9990;27;;;;;10008;10;10011;27;;;9999.0;186.40625
0;25800;INTARIAN_PEPPER_ROOT;12019;9;;;;;12032;9;12035;20;;;12025.5;1502.0
0;25900;INTARIAN_PEPPER_ROOT;12019;11;12016;18;;;12032;11;12035;18;;;12025.5;1510.0
0;25900;ASH_COATED_OSMIUM;9993;12;9990;27;;;10009;12;10011;27;;;10001.0;177.375
0;26000;INTARIAN_PEPPER_ROOT;12019;11;12016;24;;;12033;11;;;;;12026.0;1518.0
0;26000;ASH_COATED_OSMIUM;9993;15;9990;27;;;10009;15;10011;27;;;10001.0;173.65625
0;26100;ASH_COATED_OSMIUM;9993;14;9990;24;;;10009;14;10011;24;;;10001.0;181.125
0;26100;INTARIAN_PEPPER_ROOT;;;;;;;12033;9;12036;22;;;12033.0;1526.0
0;26200;ASH_COATED_OSMIUM;9991;27;;;;;10009;14;10012;27;;;10000.0;152.75
0;26200;INTARIAN_PEPPER_ROOT;12020;11;12017;16;;;12033;11;12036;16;;;12026.5;1534.0
0;26300;INTARIAN_PEPPER_ROOT;12020;10;12017;17;;;12033;10;12036;17;;;12026.5;1542.0
0;26300;ASH_COATED_OSMIUM;;;;;;;10009;11;10012;25;;;10009.0;154.15625
0;26400;INTARIAN_PEPPER_ROOT;12020;9;12017;17;;;12033;9;12036;17;;;12026.5;1550.0
0;26400;ASH_COATED_OSMIUM;9994;14;9991;27;;;9999;10;10010;14;10012;27;9996.5;129.90625
0;26500;ASH_COATED_OSMIUM;9994;13;9991;21;;;9999;5;10010;13;10012;21;9996.5;159.125
0;26500;INTARIAN_PEPPER_ROOT;12020;8;;;;;12033;8;12036;23;;;12026.5;1558.0
0;26600;ASH_COATED_OSMIUM;9994;14;;;;;10010;14;10013;29;;;10002.0;172.21875
0;26600;INTARIAN_PEPPER_ROOT;12020;12;12017;18;;;12033;12;12036;18;;;12026.5;1566.0
0;26700;INTARIAN_PEPPER_ROOT;12020;12;;;;;12036;23;;;;;12028.0;1574.0
0;26700;ASH_COATED_OSMIUM;9994;10;9992;26;;;10010;10;10013;26;;;10002.0;169.625
0;26800;INTARIAN_PEPPER_ROOT;12020;10;12017;21;;;12033;10;;;;;12026.5;1582.0
0;26800;ASH_COATED_OSMIUM;9991;20;;;;;10010;10;10012;20;;;10000.5;175.203125
0;26900;ASH_COATED_OSMIUM;9993;11;9991;22;;;10009;11;;;;;10001.0;190.796875
0;26900;INTARIAN_PEPPER_ROOT;12020;8;12017;25;;;12033;8;12036;25;;;12026.5;1590.0
0;27000;ASH_COATED_OSMIUM;9990;26;;;;;10009;10;10011;26;;;9999.5;197.015625
0;27000;INTARIAN_PEPPER_ROOT;;;;;;;12034;12;12037;18;;;12034.0;1598.0
0;27100;INTARIAN_PEPPER_ROOT;12021;12;12018;25;;;12034;12;12037;25;;;12027.5;1606.0
0;27100;ASH_COATED_OSMIUM;9991;27;;;;;10012;27;;;;;10001.5;190.828125
0;27200;INTARIAN_PEPPER_ROOT;12018;22;;;;;;;;;;;12018.0;1614.0
0;27200;ASH_COATED_OSMIUM;;;;;;;10009;10;10011;23;;;10009.0;200.34375
0;27300;ASH_COATED_OSMIUM;10002;10;;;;;10009;15;10011;25;;;10005.5;200.109375
0;27300;INTARIAN_PEPPER_ROOT;12018;20;;;;;12034;9;;;;;12026.0;1622.0
0;27400;ASH_COATED_OSMIUM;9993;10;9991;22;;;10009;10;;;;;10001.0;192.09375
0;27400;INTARIAN_PEPPER_ROOT;12021;11;12018;19;;;12034;11;12037;19;;;12027.5;1630.0
0;27500;INTARIAN_PEPPER_ROOT;12021;9;;;;;12034;9;12037;19;;;12027.5;1638.0
0;27500;ASH_COATED_OSMIUM;9993;11;;;;;10009;11;10012;30;;;10001.0;197.25
0;27600;INTARIAN_PEPPER_ROOT;12021;11;12018;20;;;12037;20;;;;;12029.0;1646.0
0;27600;ASH_COATED_OSMIUM;9993;14;9991;26;;;10009;14;10012;26;;;10001.0;205.5625
0;27700;ASH_COATED_OSMIUM;9993;12;9991;30;;;10009;12;10012;30;;;10001.0;205.78125
0;27700;INTARIAN_PEPPER_ROOT;12021;10;12018;18;;;12030;5;12034;10;12037;18;12025.5;1654.0
0;27800;ASH_COATED_OSMIUM;9992;14;9990;20;;;10008;14;;;;;10000.0;222.65625
0;27800;INTARIAN_PEPPER_ROOT;12021;9;12018;25;;;12034;9;12037;25;;;12027.5;1662.0
0;27900;INTARIAN_PEPPER_ROOT;12018;22;;;;;12034;8;12037;22;;;12026.0;1670.0
0;27900;ASH_COATED_OSMIUM;9992;14;9990;29;;;10008;14;10011;29;;;10000.0;229.625
0;28000;INTARIAN_PEPPER_ROOT;12021;8;12018;25;;;12035;8;;;;;12028.0;1678.0
0;28000;ASH_COATED_OSMIUM;9992;13;9990;22;;;10008;13;10011;22;;;10000.0;235.4375
0;28100;ASH_COATED_OSMIUM;;;;;;;10008;15;;;;;10008.0;242.25
0;28100;INTARIAN_PEPPER_ROOT;12022;10;;;;;12035;10;12038;20;;;12028.5;1686.0
0;28200;ASH_COATED_OSMIUM;9990;23;;;;;10009;10;10011;23;;;9999.5;221.46875
0;28200;INTARIAN_PEPPER_ROOT;12022;8;;;;;12038;19;;;;;12030.0;1694.0
0;28300;INTARIAN_PEPPER_ROOT;12022;9;;;;;12035;9;;;;;12028.5;1702.0
0;28300;ASH_COATED_OSMIUM;9993;12;9990;28;;;10009;12;10011;28;;;10001.0;220.0625
0;28400;INTARIAN_PEPPER_ROOT;12019;16;;;;;12035;8;12038;16;;;12027.0;1710.0
0;28400;ASH_COATED_OSMIUM;9993;15;;;;;10009;15;10011;20;;;10001.0;229.3125
0;28500;ASH_COATED_OSMIUM;9993;14;9990;28;;;10009;14;10011;28;;;10001.0;225.21875
0;28500;INTARIAN_PEPPER_ROOT;12022;12;12019;25;;;12035;12;12038;25;;;12028.5;1718.0
0;28600;ASH_COATED_OSMIUM;9990;26;;;;;10009;12;10011;26;;;9999.5;220.65625
0;28600;INTARIAN_PEPPER_ROOT;12019;20;;;;;12035;12;;;;;12027.0;1726.0
0;28700;INTARIAN_PEPPER_ROOT;12022;9;;;;;12035;9;12038;19;;;12028.5;1734.0
0;28700;ASH_COATED_OSMIUM;9991;22;;;;;10010;14;10012;22;;;10000.5;193.625
0;28800;INTARIAN_PEPPER_ROOT;12022;10;12019;15;;;12035;10;12038;15;;;12028.5;1742.0
0;28800;ASH_COATED_OSMIUM;9993;14;9991;21;;;10009;14;;;;;10001.0;200.90625
0;28900;INTARIAN_PEPPER_ROOT;12022;9;12019;23;;;12038;23;;;;;12030.0;1750.0
0;28900;ASH_COATED_OSMIUM;9993;11;9991;22;;;10009;11;;;;;10001.0;213.34375
0;29000;INTARIAN_PEPPER_ROOT;12022;10;12019;18;;;12036;10;12039;18;;;12029.0;1758.0
0;29000;ASH_COATED_OSMIUM;9991;24;;;;;10009;11;10012;24;;;10000.0;213.8125
0;29100;INTARIAN_PEPPER_ROOT;;;;;;;12036;10;12039;20;;;12036.0;1766.0
0;29100;ASH_COATED_OSMIUM;9993;12;9990;23;;;10009;12;10011;23;;;10001.0;223.640625
0;29200;ASH_COATED_OSMIUM;9993;12;;;;;10009;12;10011;22;;;10001.0;228.6875
0;29200;INTARIAN_PEPPER_ROOT;12020;24;;;;;12036;10;;;;;12028.0;1774.0
0;29300;ASH_COATED_OSMIUM;9993;10;;;;;10009;10;10011;22;;;10001.0;225.671875
0;29300;INTARIAN_PEPPER_ROOT;12023;10;12020;24;;;12025;4;12036;10;12039;24;12024.0;1782.0
0;29400;ASH_COATED_OSMIUM;9990;23;;;;;10011;23;;;;;10000.5;225.671875
0;29400;INTARIAN_PEPPER_ROOT;12023;8;;;;;12036;8;;;;;12029.5;1790.0
0;29500;ASH_COATED_OSMIUM;9998;2;9990;20;;;10011;20;;;;;10004.5;224.5625
0;29500;INTARIAN_PEPPER_ROOT;12023;12;12020;15;;;12036;12;12039;15;;;12029.5;1798.0
0;29600;ASH_COATED_OSMIUM;9993;12;9990;26;;;10009;12;;;;;10001.0;231.984375
0;29600;INTARIAN_PEPPER_ROOT;12023;12;;;;;12036;12;12039;21;;;12029.5;1806.0
0;29700;ASH_COATED_OSMIUM;9990;22;;;;;10008;15;10011;22;;;9999.0;235.109375
0;29700;INTARIAN_PEPPER_ROOT;12023;12;12020;21;;;12036;12;12039;21;;;12029.5;1814.0
0;29800;ASH_COATED_OSMIUM;9993;13;9990;25;;;10011;25;;;;;10002.0;227.359375
0;29800;INTARIAN_PEPPER_ROOT;12023;9;;;;;12036;9;12039;16;;;12029.5;1822.0
0;29900;INTARIAN_PEPPER_ROOT;12023;12;12020;16;;;12036;12;;;;;12029.5;1830.0
0;29900;ASH_COATED_OSMIUM;9993;10;9990;30;;;10009;10;;;;;10001.0;224.640625
0;30000;INTARIAN_PEPPER_ROOT;12023;11;;;;;12040;20;;;;;12031.5;1838.0
0;30000;ASH_COATED_OSMIUM;9993;11;;;;;10009;11;;;;;10001.0;228.34375
0;30100;INTARIAN_PEPPER_ROOT;12024;12;12021;25;;;12037;12;;;;;12030.5;1846.0
0;30100;ASH_COATED_OSMIUM;9993;15;;;;;10009;15;;;;;10001.0;221.21875
0;30200;INTARIAN_PEPPER_ROOT;12021;17;;;;;;;;;;;12021.0;1854.0
0;30200;ASH_COATED_OSMIUM;9993;11;9991;28;;;10009;11;;;;;10001.0;218.046875
0;30300;ASH_COATED_OSMIUM;9993;14;9991;29;;;10009;14;10012;29;;;10001.0;217.71875
0;30300;INTARIAN_PEPPER_ROOT;12024;8;12021;22;;;12037;8;12040;22;;;12030.5;1862.0
0;30400;INTARIAN_PEPPER_ROOT;12024;10;12021;16;;;12040;16;;;;;12032.0;1870.0
0;30400;ASH_COATED_OSMIUM;9993;10;9990;30;;;10009;10;;;;;10001.0;230.71875
0;30500;ASH_COATED_OSMIUM;9990;28;;;;;10009;11;10011;28;;;9999.5;232.171875
0;30500;INTARIAN_PEPPER_ROOT;12024;8;12021;18;;;;;;;;;12024.0;1878.0
0;30600;INTARIAN_PEPPER_ROOT;12024;12;12021;25;;;12037;12;12040;25;;;12030.5;1886.0
0;30600;ASH_COATED_OSMIUM;9993;11;9990;30;;;10009;11;10011;30;;;10001.0;228.1875
0;30700;ASH_COATED_OSMIUM;;;;;;;10009;12;10011;27;;;10009.0;230.125
0;30700;INTARIAN_PEPPER_ROOT;12024;9;12021;24;;;12037;9;12040;24;;;12030.5;1894.0
0;30800;INTARIAN_PEPPER_ROOT;12024;10;12021;23;;;12037;10;12040;23;;;12030.5;1902.0
0;30800;ASH_COATED_OSMIUM;9990;29;;;;;10009;10;;;;;9999.5;226.484375
0;30900;ASH_COATED_OSMIUM;9993;11;;;;;10009;11;10011;21;;;10001.0;228.375
0;30900;INTARIAN_PEPPER_ROOT;12021;23;;;;;12037;8;12040;23;;;12029.0;1910.0
0;31000;INTARIAN_PEPPER_ROOT;12024;10;12021;18;;;12041;18;;;;;12032.5;1918.0
0;31000;ASH_COATED_OSMIUM;9990;26;;;;;10009;12;10011;26;;;9999.5;227.1875
0;31100;ASH_COATED_OSMIUM;9990;23;;;;;10008;13;;;;;9999.0;236.703125
0;31100;INTARIAN_PEPPER_ROOT;;;;;;;;;;;;;0.0;1926.0
0;31200;INTARIAN_PEPPER_ROOT;12025;11;;;;;12041;18;;;;;12033.0;1934.0
0;31200;ASH_COATED_OSMIUM;9993;15;9990;21;;;10009;15;;;;;10001.0;222.921875
0;31300;ASH_COATED_OSMIUM;9993;14;;;;;10009;14;10011;20;;;10001.0;228.34375
0;31300;INTARIAN_PEPPER_ROOT;12022;22;;;;;;;;;;;12022.0;1942.0
0;31400;INTARIAN_PEPPER_ROOT;12025;10;12022;20;;;12038;10;12041;20;;;12031.5;1950.0
0;31400;ASH_COATED_OSMIUM;9998;5;9993;11;9990;22;10011;22;;;;;10004.5;223.890625
0;31500;ASH_COATED_OSMIUM;9993;11;9990;21;;;10009;11;;;;;10001.0;222.265625
0;31500;INTARIAN_PEPPER_ROOT;12025;12;12022;15;;;12038;12;;;;;12031.5;1958.0
0;31600;INTARIAN_PEPPER_ROOT;12022;16;;;;;12038;8;12041;16;;;12030.0;1966.0
0;31600;ASH_COATED_OSMIUM;9993;13;9990;24;;;10009;13;10011;24;;;10001.0;223.453125
0;31700;ASH_COATED_OSMIUM;9993;10;9990;29;;;10009;10;10011;29;;;10001.0;222.34375
0;31700;INTARIAN_PEPPER_ROOT;12035;4;12025;12;;;12038;12;12041;21;;;12036.5;1974.0
0;31800;INTARIAN_PEPPER_ROOT;12025;12;;;;;12038;12;12041;19;;;12031.5;1982.0
0;31800;ASH_COATED_OSMIUM;9993;13;9990;22;;;10009;13;10011;22;;;10001.0;228.84375
0;31900;ASH_COATED_OSMIUM;9993;11;9990;26;;;10009;11;10011;26;;;10001.0;224.4375
0;31900;INTARIAN_PEPPER_ROOT;12025;11;12022;19;;;12038;11;;;;;12031.5;1990.0
0;32000;INTARIAN_PEPPER_ROOT;12025;11;12022;20;;;12039;11;12042;20;;;12032.0;1998.0
0;32000;ASH_COATED_OSMIUM;9993;15;9990;20;;;10009;15;10011;20;;;10001.0;222.5
0;32100;ASH_COATED_OSMIUM;9991;25;;;;;10009;12;10012;25;;;10000.0;216.21875
0;32100;INTARIAN_PEPPER_ROOT;12026;8;;;;;12039;8;;;;;12032.5;2006.0
0;32200;INTARIAN_PEPPER_ROOT;12026;9;12023;24;;;12039;9;12042;24;;;12032.5;2014.0
0;32200;ASH_COATED_OSMIUM;9999;2;9994;13;9991;24;10010;13;10012;24;;;10004.5;211.125
0;32300;ASH_COATED_OSMIUM;9993;13;9991;30;;;10009;13;10012;30;;;10001.0;214.46875
0;32300;INTARIAN_PEPPER_ROOT;12026;9;12023;21;;;12042;21;;;;;12034.0;2022.0
0;32400;INTARIAN_PEPPER_ROOT;;;;;;;12039;12;;;;;12039.0;2030.0
0;32400;ASH_COATED_OSMIUM;9993;15;9991;29;;;10009;15;;;;;10001.0;220.109375
0;32500;ASH_COATED_OSMIUM;9993;15;9990;24;;;10002;3;10009;15;10011;24;9997.5;225.171875
0;32500;INTARIAN_PEPPER_ROOT;12023;17;;;;;12039;12;12042;17;;;12031.0;2038.0
0;32600;INTARIAN_PEPPER_ROOT;12036;5;12026;10;;;12039;10;12042;20;;;12037.5;2046.0
0;32600;ASH_COATED_OSMIUM;9990;26;;;;;10009;12;10011;26;;;9999.5;230.0
0;32700;ASH_COATED_OSMIUM;;;;;;;10008;10;10011;30;;;10008.0;237.546875
0;32700;INTARIAN_PEPPER_ROOT;12026;11;12023;23;;;12042;23;;;;;12034.0;2054.0
0;32800;INTARIAN_PEPPER_ROOT;12026;10;12023;20;;;12039;10;12042;20;;;12032.5;2062.0
0;32800;ASH_COATED_OSMIUM;9992;11;9990;29;;;10008;11;10011;29;;;10000.0;242.484375
0;32900;ASH_COATED_OSMIUM;9990;20;;;;;10008;10;;;;;9999.0;238.59375
0;32900;INTARIAN_PEPPER_ROOT;12023;19;;;;;12039;11;12042;19;;;12031.0;2070.0
0;33000;INTARIAN_PEPPER_ROOT;12026;10;;;;;12043;19;;;;;12034.5;2078.0
0;33000;ASH_COATED_OSMIUM;9992;13;9990;28;;;10008;13;10011;28;;;10000.0;238.125
0;33100;ASH_COATED_OSMIUM;9990;25;;;;;10008;13;;;;;9999.0;238.421875
0;33100;INTARIAN_PEPPER_ROOT;12027;11;12024;24;;;12040;11;12043;24;;;12033.5;2086.0
0;33200;INTARIAN_PEPPER_ROOT;12027;11;12024;19;;;12040;11;12043;19;;;12033.5;2094.0
0;33200;ASH_COATED_OSMIUM;9992;15;9990;23;;;10008;15;10011;23;;;10000.0;242.296875
0;33300;INTARIAN_PEPPER_ROOT;12027;10;12024;15;;;12040;10;;;;;12033.5;2102.0
0;33300;ASH_COATED_OSMIUM;9992;10;9990;30;;;10008;10;;;;;10000.0;232.78125
0;33400;INTARIAN_PEPPER_ROOT;12027;9;12024;19;;;12040;9;12043;19;;;12033.5;2110.0
0;33400;ASH_COATED_OSMIUM;9993;13;9990;20;;;10009;13;10011;20;;;10001.0;231.078125
0;33500;INTARIAN_PEPPER_ROOT;12027;10;12024;24;;;12040;10;;;;;12033.5;2118.0
0;33500;ASH_COATED_OSMIUM;9990;21;;;;;10011;21;;;;;10000.5;229.078125
0;33600;ASH_COATED_OSMIUM;9999;3;9993;13;9991;27;10009;13;;;;;10004.0;221.21875
0;33600;INTARIAN_PEPPER_ROOT;12027;11;12024;22;;;12040;11;12043;22;;;12033.5;2126.0
0;33700;ASH_COATED_OSMIUM;9991;25;;;;;10009;13;;;;;10000.0;213.609375
0;33700;INTARIAN_PEPPER_ROOT;12027;8;12024;16;;;12040;8;12043;16;;;12033.5;2134.0
0;33800;ASH_COATED_OSMIUM;9991;21;;;;;;;;;;;9991.0;205.859375
0;33800;INTARIAN_PEPPER_ROOT;12027;11;12024;25;;;12040;11;;;;;12033.5;2142.0
0;33900;ASH_COATED_OSMIUM;9994;12;;;;;10010;12;;;;;10002.0;195.421875
0;33900;INTARIAN_PEPPER_ROOT;12027;8;;;;;;;;;;;12027.0;2150.0
0;34000;ASH_COATED_OSMIUM;9994;13;9991;28;;;10010;13;10012;28;;;10002.0;205.734375
0;34000;INTARIAN_PEPPER_ROOT;12027;10;12024;25;;;12044;25;;;;;12035.5;2158.0
0;34100;ASH_COATED_OSMIUM;9994;12;9991;25;;;10010;12;;;;;10002.0;208.5625
0;34100;INTARIAN_PEPPER_ROOT;12028;10;12025;15;;;12044;15;;;;;12036.0;2166.0
0;34200;ASH_COATED_OSMIUM;9993;15;9990;30;;;10009;15;10011;30;;;10001.0;224.734375
0;34200;INTARIAN_PEPPER_ROOT;12025;25;;;;;12041;12;12044;25;;;12033.0;2174.0
0;34300;INTARIAN_PEPPER_ROOT;12028;10;12025;15;;;;;;;;;12028.0;2182.0
0;34300;ASH_COATED_OSMIUM;9993;15;9990;28;;;;;;;;;9993.0;231.109375
0;34400;INTARIAN_PEPPER_ROOT;12028;10;12025;21;;;12041;10;12044;21;;;12034.5;2190.0
0;34400;ASH_COATED_OSMIUM;9990;28;;;;;10009;12;10011;28;;;9999.5;226.640625
0;34500;INTARIAN_PEPPER_ROOT;12028;8;;;;;12041;8;12044;22;;;12034.5;2198.0
0;34500;ASH_COATED_OSMIUM;9993;12;9991;22;;;10009;12;;;;;10001.0;221.203125
0;34600;INTARIAN_PEPPER_ROOT;12025;19;;;;;12041;12;12044;19;;;12033.0;2206.0
0;34600;ASH_COATED_OSMIUM;9991;24;;;;;10009;10;10012;24;;;10000.0;217.859375
0;34700;ASH_COATED_OSMIUM;9993;14;9990;23;;;10009;14;;;;;10001.0;224.28125
0;34700;INTARIAN_PEPPER_ROOT;12028;8;;;;;12041;8;12044;20;;;12034.5;2214.0
0;34800;ASH_COATED_OSMIUM;9993;11;9991;22;;;10009;11;10012;22;;;10001.0;219.625
0;34800;INTARIAN_PEPPER_ROOT;12025;21;;;;;12041;10;12044;21;;;12033.0;2222.0
0;34900;INTARIAN_PEPPER_ROOT;12028;12;12025;15;;;12041;12;;;;;12034.5;2230.0
0;34900;ASH_COATED_OSMIUM;9993;15;;;;;10009;15;;;;;10001.0;220.96875
0;35000;INTARIAN_PEPPER_ROOT;12025;21;;;;;;;;;;;12025.0;2238.0
0;35000;ASH_COATED_OSMIUM;9993;10;9990;29;;;10009;10;10011;29;;;10001.0;223.125
0;35100;ASH_COATED_OSMIUM;9993;13;9991;21;;;10009;13;10012;21;;;10001.0;216.671875
0;35100;INTARIAN_PEPPER_ROOT;12029;10;12026;18;;;12042;10;12045;18;;;12035.5;2246.0
0;35200;ASH_COATED_OSMIUM;9993;15;9991;24;;;10009;15;10012;24;;;10001.0;216.5625
0;35200;INTARIAN_PEPPER_ROOT;12029;11;12026;24;;;12042;11;12045;24;;;12035.5;2254.0
0;35300;INTARIAN_PEPPER_ROOT;;;;;;;12042;9;12045;16;;;12042.0;2262.0
0;35300;ASH_COATED_OSMIUM;9993;14;9991;22;;;10009;14;10012;22;;;10001.0;215.328125
0;35400;INTARIAN_PEPPER_ROOT;12029;8;;;;;12042;8;;;;;12035.5;2270.0
0;35400;ASH_COATED_OSMIUM;9994;10;9991;25;;;10012;25;;;;;10003.0;208.53125
0;35500;ASH_COATED_OSMIUM;9993;11;9991;27;;;10012;27;;;;;10002.5;214.640625
0;35500;INTARIAN_PEPPER_ROOT;12029;11;12026;19;;;12042;11;12045;19;;;12035.5;2278.0
0;35600;ASH_COATED_OSMIUM;;;;;;;;;;;;;0.0;215.15625
0;35600;INTARIAN_PEPPER_ROOT;12029;8;;;;;12045;19;;;;;12037.0;2286.0
0;35700;INTARIAN_PEPPER_ROOT;;;;;;;12042;11;12045;17;;;12042.0;2294.0
0;35700;ASH_COATED_OSMIUM;9993;14;9991;29;;;10009;14;10012;29;;;10001.0;212.140625
0;35800;INTARIAN_PEPPER_ROOT;12026;23;;;;;12042;10;12045;23;;;12034.0;2302.0
0;35800;ASH_COATED_OSMIUM;9993;14;9991;21;;;10009;14;10012;21;;;10001.0;216.75
0;35900;ASH_COATED_OSMIUM;9993;10;9991;28;;;10009;10;;;;;10001.0;218.46875
0;35900;INTARIAN_PEPPER_ROOT;12029;10;;;;;12042;10;;;;;12035.5;2310.0
0;36000;ASH_COATED_OSMIUM;9993;12;9991;30;;;10009;12;10012;30;;;10001.0;218.796875
0;36000;INTARIAN_PEPPER_ROOT;12026;24;;;;;12046;24;;;;;12036.0;2318.0
0;36100;INTARIAN_PEPPER_ROOT;12030;9;;;;;12046;16;;;;;12038.0;2326.0
0;36100;ASH_COATED_OSMIUM;9993;14;9991;21;;;10009;14;;;;;10001.0;216.171875
0;36200;INTARIAN_PEPPER_ROOT;12030;11;12027;16;;;12043;11;;;;;12036.5;2334.0
0;36200;ASH_COATED_OSMIUM;9993;12;;;;;10009;12;10012;29;;;10001.0;216.359375
0;36300;ASH_COATED_OSMIUM;9992;13;9990;30;;;10002;5;10011;30;;;9997.0;236.40625
0;36300;INTARIAN_PEPPER_ROOT;12030;12;12027;21;;;12043;12;12046;21;;;12036.5;2342.0
0;36400;ASH_COATED_OSMIUM;9992;12;9990;28;;;10002;5;10008;12;10011;28;9997.0;240.84375
0;36400;INTARIAN_PEPPER_ROOT;12030;8;12027;23;;;12046;23;;;;;12038.0;2350.0
0;36500;INTARIAN_PEPPER_ROOT;12030;9;12027;16;;;12046;16;;;;;12038.0;2358.0
0;36500;ASH_COATED_OSMIUM;9992;14;9989;27;;;10008;14;10010;27;;;10000.0;248.53125
0;36600;INTARIAN_PEPPER_ROOT;12027;20;;;;;12046;20;;;;;12036.5;2366.0
0;36600;ASH_COATED_OSMIUM;9989;30;;;;;10008;11;10010;30;;;9998.5;249.140625
0;36700;ASH_COATED_OSMIUM;9992;11;;;;;10010;21;;;;;10001.0;246.546875
0;36700;INTARIAN_PEPPER_ROOT;12030;8;12027;18;;;12043;8;12046;18;;;12036.5;2374.0
0;36800;ASH_COATED_OSMIUM;9992;13;9989;23;;;10008;13;10010;23;;;10000.0;250.84375
0;36800;INTARIAN_PEPPER_ROOT;12030;9;12027;18;;;12043;9;12046;18;;;12036.5;2382.0
0;36900;INTARIAN_PEPPER_ROOT;12030;11;12027;15;;;12046;15;;;;;12038.0;2390.0
0;36900;ASH_COATED_OSMIUM;9989;22;;;;;10008;11;10010;22;;;9998.5;243.046875
0;37000;INTARIAN_PEPPER_ROOT;12030;11;12027;24;;;12044;11;12047;24;;;12037.0;2398.0
0;37000;ASH_COATED_OSMIUM;9990;20;;;;;10008;12;10011;20;;;9999.0;239.8125
0;37100;ASH_COATED_OSMIUM;9992;15;9990;24;;;10011;24;;;;;10001.5;241.15625
0;37100;INTARIAN_PEPPER_ROOT;12031;12;12028;24;;;12044;12;12047;24;;;12037.5;2406.0
0;37200;ASH_COATED_OSMIUM;9989;27;;;;;10010;27;;;;;9999.5;249.46875
0;37200;INTARIAN_PEPPER_ROOT;12031;8;12028;21;;;12047;21;;;;;12039.0;2414.0
0;37300;INTARIAN_PEPPER_ROOT;12028;19;;;;;12044;8;12047;19;;;12036.0;2422.0
0;37300;ASH_COATED_OSMIUM;9992;11;9989;22;;;10008;11;10010;22;;;10000.0;247.390625
0;37400;INTARIAN_PEPPER_ROOT;12031;10;12028;21;;;12044;10;12047;21;;;12037.5;2430.0
0;37400;ASH_COATED_OSMIUM;9992;13;9990;22;;;10008;13;10011;22;;;10000.0;245.0625
0;37500;ASH_COATED_OSMIUM;9992;10;9990;30;;;10008;10;10011;30;;;10000.0;241.625
0;37500;INTARIAN_PEPPER_ROOT;12031;11;12028;20;;;12044;11;12047;20;;;12037.5;2438.0
0;37600;ASH_COATED_OSMIUM;9992;11;9990;24;;;10011;24;;;;;10001.5;240.40625
0;37600;INTARIAN_PEPPER_ROOT;12028;22;;;;;12044;8;12047;22;;;12036.0;2446.0
0;37700;INTARIAN_PEPPER_ROOT;12031;8;12028;24;;;12044;8;12047;24;;;12037.5;2454.0
0;37700;ASH_COATED_OSMIUM;9990;20;;;;;10009;11;10011;20;;;9999.5;250.75
0;37800;INTARIAN_PEPPER_ROOT;12028;16;;;;;12044;9;12047;16;;;12036.0;2462.0
0;37800;ASH_COATED_OSMIUM;9993;15;9991;23;;;10009;15;;;;;10001.0;238.84375
0;37900;INTARIAN_PEPPER_ROOT;12031;11;12028;24;;;12044;11;12047;24;;;12037.5;2470.0
0;37900;ASH_COATED_OSMIUM;9992;11;9990;27;;;10008;11;10011;27;;;10000.0;257.75
0;38000;INTARIAN_PEPPER_ROOT;12031;12;12028;16;;;12048;16;;;;;12039.5;2478.0
0;38000;ASH_COATED_OSMIUM;9993;13;9990;30;;;10009;13;;;;;10001.0;250.734375
0;38100;ASH_COATED_OSMIUM;9993;13;9990;28;;;10009;13;;;;;10001.0;247.265625
0;38100;INTARIAN_PEPPER_ROOT;12032;12;12029;23;;;12045;12;12048;23;;;12038.5;2486.0
0;38200;ASH_COATED_OSMIUM;9993;12;9990;29;;;10009;12;10011;29;;;10001.0;251.625
0;38200;INTARIAN_PEPPER_ROOT;12032;9;;;;;12048;18;;;;;12040.0;2494.0
0;38300;ASH_COATED_OSMIUM;9993;11;;;;;10009;11;10011;22;;;10001.0;251.4375
0;38300;INTARIAN_PEPPER_ROOT;12029;24;;;;;12045;10;12048;24;;;12037.0;2502.0
0;38400;ASH_COATED_OSMIUM;9993;11;9990;29;;;10009;11;10011;29;;;10001.0;242.75
0;38400;INTARIAN_PEPPER_ROOT;12032;8;;;;;12045;8;12048;15;;;12038.5;2510.0
0;38500;ASH_COATED_OSMIUM;9993;12;9991;22;;;10009;12;10012;22;;;10001.0;239.78125
0;38500;INTARIAN_PEPPER_ROOT;12032;10;;;;;;;;;;;12032.0;2518.0
0;38600;ASH_COATED_OSMIUM;9993;12;9990;29;;;10009;12;10011;29;;;10001.0;257.8125
0;38600;INTARIAN_PEPPER_ROOT;12032;12;;;;;12045;12;12048;23;;;12038.5;2526.0
0;38700;ASH_COATED_OSMIUM;;;;;;;10011;20;;;;;10011.0;272.28125
0;38700;INTARIAN_PEPPER_ROOT;12032;9;12029;25;;;12035;8;12048;25;;;12033.5;2534.0
0;38800;INTARIAN_PEPPER_ROOT;12032;8;12029;23;;;12048;23;;;;;12040.0;2542.0
0;38800;ASH_COATED_OSMIUM;9990;25;;;;;10009;12;10011;25;;;9999.5;262.625
0;38900;INTARIAN_PEPPER_ROOT;12032;8;12029;18;;;12045;8;12048;18;;;12038.5;2550.0
0;38900;ASH_COATED_OSMIUM;9990;23;;;;;10008;14;10011;23;;;9999.0;279.65625
0;39000;INTARIAN_PEPPER_ROOT;12032;9;12029;18;;;12046;9;12049;18;;;12039.0;2558.0
0;39000;ASH_COATED_OSMIUM;9990;23;;;;;10008;14;;;;;9999.0;272.8125
0;39100;INTARIAN_PEPPER_ROOT;12033;10;12030;15;;;12046;10;12049;15;;;12039.5;2566.0
0;39100;ASH_COATED_OSMIUM;9993;15;9990;28;;;10009;15;10011;28;;;10001.0;257.125
0;39200;INTARIAN_PEPPER_ROOT;12033;9;12030;16;;;12046;9;12049;16;;;12039.5;2574.0
0;39200;ASH_COATED_OSMIUM;9993;13;9990;21;;;10009;13;10011;21;;;10001.0;253.4375
0;39300;ASH_COATED_OSMIUM;10002;10;9993;10;9990;24;10009;10;;;;;10005.5;255.75
0;39300;INTARIAN_PEPPER_ROOT;;;;;;;12049;23;;;;;12049.0;2582.0
0;39400;INTARIAN_PEPPER_ROOT;12033;9;12030;20;;;12049;20;;;;;12041.0;2590.0
0;39400;ASH_COATED_OSMIUM;9993;10;;;;;;;;;;;9993.0;263.125
0;39500;ASH_COATED_OSMIUM;9993;10;9991;29;;;10012;29;;;;;10002.5;255.1875
0;39500;INTARIAN_PEPPER_ROOT;12033;8;12030;24;;;12046;8;12049;24;;;12039.5;2598.0
0;39600;INTARIAN_PEPPER_ROOT;12033;12;12030;16;;;12046;12;12049;16;;;12039.5;2606.0
0;39600;ASH_COATED_OSMIUM;9993;15;9991;30;;;10009;15;10012;30;;;10001.0;252.1875
0;39700;ASH_COATED_OSMIUM;9993;15;;;;;10009;15;10012;29;;;10001.0;240.90625
0;39700;INTARIAN_PEPPER_ROOT;12033;10;;;;;12049;16;;;;;12041.0;2614.0
0;39800;INTARIAN_PEPPER_ROOT;12033;10;12030;17;;;12036;4;12046;10;12049;17;12034.5;2622.0
0;39800;ASH_COATED_OSMIUM;9994;10;9991;22;;;10010;10;10012;22;;;10002.0;229.8125
0;39900;ASH_COATED_OSMIUM;9994;12;;;;;10010;12;;;;;10002.0;231.96875
0;39900;INTARIAN_PEPPER_ROOT;12030;25;;;;;12046;9;12049;25;;;12038.0;2630.0
0;40000;INTARIAN_PEPPER_ROOT;12033;10;12030;24;;;12047;10;;;;;12040.0;2638.0
0;40000;ASH_COATED_OSMIUM;9993;15;9991;25;;;10009;15;;;;;10001.0;240.9375
0;40100;ASH_COATED_OSMIUM;9994;10;9991;30;;;10010;10;10012;30;;;10002.0;233.5625
0;40100;INTARIAN_PEPPER_ROOT;12034;10;12031;23;;;12050;23;;;;;12042.0;2646.0
0;40200;INTARIAN_PEPPER_ROOT;12034;9;12031;18;;;;;;;;;12034.0;2654.0
0;40200;ASH_COATED_OSMIUM;9994;12;9991;24;;;10010;12;10012;24;;;10002.0;235.15625
0;40300;ASH_COATED_OSMIUM;9994;10;9991;29;;;10010;10;10012;29;;;10002.0;220.125
0;40300;INTARIAN_PEPPER_ROOT;12034;11;12031;20;;;12047;11;12050;20;;;12040.5;2662.0
0;40400;INTARIAN_PEPPER_ROOT;12034;9;;;;;12050;15;;;;;12042.0;2670.0
0;40400;ASH_COATED_OSMIUM;9993;12;9991;23;;;10009;12;10012;23;;;10001.0;248.84375
0;40500;ASH_COATED_OSMIUM;9993;14;9990;21;;;10009;14;10011;21;;;10001.0;260.6875
0;40500;INTARIAN_PEPPER_ROOT;12034;9;12031;19;;;;;;;;;12034.0;2678.0
0;40600;INTARIAN_PEPPER_ROOT;12031;25;;;;;12043;12;12047;11;12050;25;12037.0;2686.0
0;40600;ASH_COATED_OSMIUM;9993;15;9990;28;;;10009;15;;;;;10001.0;264.96875
0;40700;ASH_COATED_OSMIUM;9993;10;;;;;10011;29;;;;;10002.0;266.9375
0;40700;INTARIAN_PEPPER_ROOT;12034;12;12031;22;;;12047;12;12050;22;;;12040.5;2694.0
0;40800;INTARIAN_PEPPER_ROOT;12034;10;12031;22;;;12047;10;12050;22;;;12040.5;2702.0
0;40800;ASH_COATED_OSMIUM;9993;12;9990;21;;;10009;12;10011;21;;;10001.0;262.0625
0;40900;ASH_COATED_OSMIUM;9993;12;9990;25;;;10009;12;10011;25;;;10001.0;275.34375
0;40900;INTARIAN_PEPPER_ROOT;12034;9;12031;25;;;12047;9;12050;25;;;12040.5;2710.0
0;41000;INTARIAN_PEPPER_ROOT;12034;12;12031;15;;;12048;12;12051;15;;;12041.0;2718.0
0;41000;ASH_COATED_OSMIUM;9993;10;;;;;10009;10;10011;20;;;10001.0;271.125
0;41100;ASH_COATED_OSMIUM;9993;13;9990;23;;;10009;13;10011;23;;;10001.0;274.71875
0;41100;INTARIAN_PEPPER_ROOT;12035;11;12032;17;;;12048;11;12051;17;;;12041.5;2726.0
0;41200;INTARIAN_PEPPER_ROOT;12035;9;12032;21;;;;;;;;;12035.0;2734.0
0;41200;ASH_COATED_OSMIUM;9992;12;;;;;10008;12;10011;20;;;10000.0;286.25
0;41300;ASH_COATED_OSMIUM;;;;;;;10008;14;10011;27;;;10008.0;301.125
0;41300;INTARIAN_PEPPER_ROOT;12035;10;12032;17;;;12048;10;12051;17;;;12041.5;2742.0
0;41400;INTARIAN_PEPPER_ROOT;12035;10;12032;20;;;12051;20;;;;;12043.0;2750.0
0;41400;ASH_COATED_OSMIUM;9993;12;;;;;10009;12;10011;29;;;10001.0;273.40625
0;41500;ASH_COATED_OSMIUM;9993;14;;;;;;;;;;;9993.0;280.25
0;41500;INTARIAN_PEPPER_ROOT;12035;10;;;;;12051;25;;;;;12043.0;2758.0
0;41600;INTARIAN_PEPPER_ROOT;12035;8;12032;18;;;12051;18;;;;;12043.0;2766.0
0;41600;ASH_COATED_OSMIUM;9992;14;9990;26;;;10011;26;;;;;10001.5;284.53125
0;41700;ASH_COATED_OSMIUM;9992;14;9990;23;;;10008;14;10011;23;;;10000.0;299.40625
0;41700;INTARIAN_PEPPER_ROOT;12035;11;12032;18;;;12048;11;12051;18;;;12041.5;2774.0
0;41800;INTARIAN_PEPPER_ROOT;12035;10;;;;;12048;10;12051;16;;;12041.5;2782.0
0;41800;ASH_COATED_OSMIUM;9989;21;;;;;10008;11;;;;;9998.5;334.0625
0;41900;ASH_COATED_OSMIUM;9993;14;9990;28;;;10009;14;10011;28;;;10001.0;300.34375
0;41900;INTARIAN_PEPPER_ROOT;12035;9;;;;;12048;9;12051;18;;;12041.5;2790.0
0;42000;INTARIAN_PEPPER_ROOT;12035;12;12032;24;;;;;;;;;12035.0;2798.0
0;42000;ASH_COATED_OSMIUM;9993;15;9990;27;;;10009;15;10011;27;;;10001.0;281.46875
0;42100;INTARIAN_PEPPER_ROOT;12036;9;12033;18;;;12049;9;;;;;12042.5;2806.0
0;42100;ASH_COATED_OSMIUM;9993;15;9990;22;;;10009;15;10011;22;;;10001.0;291.875
0;42200;INTARIAN_PEPPER_ROOT;12033;24;;;;;12049;10;12052;24;;;12041.0;2814.0
0;42200;ASH_COATED_OSMIUM;9990;22;;;;;10011;22;;;;;10000.5;307.0625
0;42300;INTARIAN_PEPPER_ROOT;12036;10;;;;;12049;10;12052;19;;;12042.5;2822.0
0;42300;ASH_COATED_OSMIUM;9993;10;9990;20;;;10009;10;;;;;10001.0;296.46875
0;42400;INTARIAN_PEPPER_ROOT;12036;11;12033;21;;;;;;;;;12036.0;2830.0
0;42400;ASH_COATED_OSMIUM;9993;11;9990;26;;;10002;4;10009;11;;;9997.5;276.28125
0;42500;ASH_COATED_OSMIUM;9993;10;9991;24;;;10009;10;10012;24;;;10001.0;273.40625
0;42500;INTARIAN_PEPPER_ROOT;12036;10;12033;23;;;12049;10;;;;;12042.5;2838.0
0;42600;ASH_COATED_OSMIUM;9993;12;9991;28;;;10009;12;10012;28;;;10001.0;253.25
0;42600;INTARIAN_PEPPER_ROOT;12036;10;12033;19;;;12049;10;;;;;12042.5;2846.0
0;42700;ASH_COATED_OSMIUM;9994;12;;;;;10010;12;10012;23;;;10002.0;242.875
0;42700;INTARIAN_PEPPER_ROOT;12036;9;12033;19;;;12049;9;;;;;12042.5;2854.0
0;42800;ASH_COATED_OSMIUM;9994;14;;;;;10010;14;10012;29;;;10002.0;241.21875
0;42800;INTARIAN_PEPPER_ROOT;12033;15;;;;;12052;15;;;;;12042.5;2862.0
0;42900;ASH_COATED_OSMIUM;9993;13;9991;20;;;10009;13;10012;20;;;10001.0;260.15625
0;42900;INTARIAN_PEPPER_ROOT;12036;10;12033;22;;;12052;22;;;;;12044.0;2870.0
0;43000;ASH_COATED_OSMIUM;9993;10;;;;;10009;10;10012;26;;;10001.0;269.625
0;43000;INTARIAN_PEPPER_ROOT;12036;10;12033;24;;;12050;10;12053;24;;;12043.0;2878.0
0;43100;ASH_COATED_OSMIUM;9993;11;9991;24;;;10012;24;;;;;10002.5;267.6875
0;43100;INTARIAN_PEPPER_ROOT;12037;12;12034;21;;;12053;21;;;;;12045.0;2886.0
0;43200;INTARIAN_PEPPER_ROOT;12037;10;12034;25;;;12050;10;12053;25;;;12043.5;2894.0
0;43200;ASH_COATED_OSMIUM;9993;13;9991;29;;;10009;13;10012;29;;;10001.0;268.40625
0;43300;INTARIAN_PEPPER_ROOT;12037;12;;;;;12053;16;;;;;12045.0;2902.0
0;43300;ASH_COATED_OSMIUM;9993;15;;;;;10009;15;10011;20;;;10001.0;276.78125
0;43400;INTARIAN_PEPPER_ROOT;12037;8;12034;16;;;12053;16;;;;;12045.0;2910.0
0;43400;ASH_COATED_OSMIUM;9993;11;9991;22;;;10009;11;;;;;10001.0;276.6875
0;43500;INTARIAN_PEPPER_ROOT;12037;11;12034;16;;;12050;11;12053;16;;;12043.5;2918.0
0;43500;ASH_COATED_OSMIUM;9993;15;9991;24;;;10009;15;10012;24;;;10001.0;265.5
0;43600;INTARIAN_PEPPER_ROOT;12037;9;12034;25;;;12039;4;12053;25;;;12038.0;2926.0
0;43600;ASH_COATED_OSMIUM;9993;14;9990;22;;;10009;14;10011;22;;;10001.0;303.75
0;43700;ASH_COATED_OSMIUM;9990;29;;;;;10011;29;;;;;10000.5;305.625
0;43700;INTARIAN_PEPPER_ROOT;12037;10;12034;17;;;12050;10;;;;;12043.5;2934.0
0;43800;ASH_COATED_OSMIUM;9993;12;;;;;10009;12;;;;;10001.0;291.6875
0;43800;INTARIAN_PEPPER_ROOT;12037;11;;;;;12050;11;12053;22;;;12043.5;2942.0
0;43900;INTARIAN_PEPPER_ROOT;12037;11;;;;;12050;11;;;;;12043.5;2950.0
0;43900;ASH_COATED_OSMIUM;9993;12;9991;24;;;10009;12;10012;24;;;10001.0;278.75
0;44000;INTARIAN_PEPPER_ROOT;12037;9;12034;22;;;12051;9;12054;22;;;12044.0;2958.0
0;44000;ASH_COATED_OSMIUM;;;;;;;10009;15;;;;;10009.0;295.5625
0;44100;ASH_COATED_OSMIUM;9990;22;;;;;10009;14;;;;;9999.5;298.3125
0;44100;INTARIAN_PEPPER_ROOT;12038;8;12035;22;;;12054;22;;;;;12046.0;2966.0
0;44200;ASH_COATED_OSMIUM;9993;11;;;;;10009;11;;;;;10001.0;294.25
0;44200;INTARIAN_PEPPER_ROOT;12038;11;12035;23;;;12051;11;12054;23;;;12044.5;2974.0
0;44300;INTARIAN_PEPPER_ROOT;12038;11;12035;25;;;12051;11;;;;;12044.5;2982.0
0;44300;ASH_COATED_OSMIUM;9993;14;9991;24;;;10009;14;10012;24;;;10001.0;285.4375
0;44400;INTARIAN_PEPPER_ROOT;12035;25;;;;;12051;8;12054;25;;;12043.0;2990.0
0;44400;ASH_COATED_OSMIUM;9993;12;9991;25;;;10009;12;;;;;10001.0;265.0625
0;44500;ASH_COATED_OSMIUM;;;;;;;10010;12;10012;30;;;10010.0;257.375
0;44500;INTARIAN_PEPPER_ROOT;12038;10;;;;;12051;10;12054;21;;;12044.5;2998.0
0;44600;ASH_COATED_OSMIUM;9993;11;9991;21;;;10009;11;;;;;10001.0;267.5625
0;44600;INTARIAN_PEPPER_ROOT;12038;11;12035;23;;;12051;11;;;;;12044.5;3006.0
0;44700;INTARIAN_PEPPER_ROOT;;;;;;;12051;12;;;;;12051.0;3014.0
0;44700;ASH_COATED_OSMIUM;9993;11;9991;25;;;10009;11;10012;25;;;10001.0;271.5
0;44800;INTARIAN_PEPPER_ROOT;12038;12;;;;;12051;12;12054;19;;;12044.5;3022.0
0;44800;ASH_COATED_OSMIUM;9993;14;9991;25;;;9999;4;10012;25;;;9996.0;280.4375
0;44900;ASH_COATED_OSMIUM;9993;15;9990;21;;;10009;15;10011;21;;;10001.0;300.875
0;44900;INTARIAN_PEPPER_ROOT;12038;11;;;;;12051;11;12054;15;;;12044.5;3030.0
0;45000;ASH_COATED_OSMIUM;9992;13;;;;;10011;27;;;;;10001.5;329.9375
0;45000;INTARIAN_PEPPER_ROOT;12038;8;12035;19;;;12055;19;;;;;12046.5;3038.0
0;45100;INTARIAN_PEPPER_ROOT;12039;11;12036;22;;;;;;;;;12039.0;3046.0
0;45100;ASH_COATED_OSMIUM;9992;10;9990;27;;;10008;10;10011;27;;;10000.0;333.59375
0;45200;INTARIAN_PEPPER_ROOT;12039;12;12036;23;;;12052;12;;;;;12045.5;3054.0
0;45200;ASH_COATED_OSMIUM;9992;14;9990;20;;;10011;20;;;;;10001.5;331.75
0;45300;ASH_COATED_OSMIUM;9992;14;9990;23;;;9998;6;10002;3;10008;14;9995.0;328.09375
0;45300;INTARIAN_PEPPER_ROOT;12039;10;12036;25;;;12052;10;12055;25;;;12045.5;3062.0
0;45400;ASH_COATED_OSMIUM;9990;25;;;;;10011;25;;;;;10000.5;338.09375
0;45400;INTARIAN_PEPPER_ROOT;12039;11;12036;16;;;12052;11;12055;16;;;12045.5;3070.0
0;45500;INTARIAN_PEPPER_ROOT;12039;12;12036;25;;;12052;12;12055;25;;;12045.5;3078.0
0;45500;ASH_COATED_OSMIUM;9992;10;9990;20;;;10008;10;10011;20;;;10000.0;347.53125
0;45600;INTARIAN_PEPPER_ROOT;12036;23;;;;;12052;9;12055;23;;;12044.0;3086.0
0;45600;ASH_COATED_OSMIUM;9989;23;;;;;10008;15;10010;23;;;9998.5;362.0625
0;45700;ASH_COATED_OSMIUM;9992;12;;;;;10011;21;;;;;10001.5;353.21875
0;45700;INTARIAN_PEPPER_ROOT;12039;9;12036;25;;;12052;9;;;;;12045.5;3094.0
0;45800;ASH_COATED_OSMIUM;9991;10;9989;30;;;10007;10;;;;;9999.0;387.28125
0;45800;INTARIAN_PEPPER_ROOT;12039;10;12036;22;;;12052;10;12055;22;;;12045.5;3102.0
0;45900;INTARIAN_PEPPER_ROOT;12039;9;12036;23;;;12052;9;12055;23;;;12045.5;3110.0
0;45900;ASH_COATED_OSMIUM;9992;15;9989;25;;;10008;15;10010;25;;;10000.0;376.6875
0;46000;INTARIAN_PEPPER_ROOT;12039;9;12036;22;;;12056;22;;;;;12047.5;3118.0
0;46000;ASH_COATED_OSMIUM;9991;13;9989;23;;;10001;4;10010;23;;;9996.0;389.15625
0;46100;ASH_COATED_OSMIUM;9989;25;;;;;10007;12;10010;25;;;9998.0;381.25
0;46100;INTARIAN_PEPPER_ROOT;12040;12;12037;23;;;12056;23;;;;;12048.0;3126.0
0;46200;ASH_COATED_OSMIUM;9992;10;9989;24;;;10008;10;10010;24;;;10000.0;367.3125
0;46200;INTARIAN_PEPPER_ROOT;12040;10;12037;15;;;12056;15;;;;;12048.0;3134.0
0;46300;INTARIAN_PEPPER_ROOT;12040;10;12037;21;;;12056;21;;;;;12048.0;3142.0
0;46300;ASH_COATED_OSMIUM;9989;26;;;;;10008;12;10010;26;;;9998.5;362.875
0;46400;INTARIAN_PEPPER_ROOT;;;;;;;12053;11;12056;20;;;12053.0;3150.0
0;46400;ASH_COATED_OSMIUM;9992;11;9989;24;;;10008;11;;;;;10000.0;360.90625
0;46500;ASH_COATED_OSMIUM;9992;13;9989;29;;;10008;13;10010;29;;;10000.0;367.40625
0;46500;INTARIAN_PEPPER_ROOT;12040;10;12037;22;;;12053;10;12056;22;;;12046.5;3158.0
0;46600;INTARIAN_PEPPER_ROOT;12040;11;12037;17;;;12053;11;12056;17;;;12046.5;3166.0
0;46600;ASH_COATED_OSMIUM;9991;11;9989;28;;;10010;28;;;;;10000.5;384.5
0;46700;INTARIAN_PEPPER_ROOT;12040;10;12037;20;;;12053;10;12056;20;;;12046.5;3174.0
0;46700;ASH_COATED_OSMIUM;9989;29;;;;;10007;14;10010;29;;;9998.0;399.90625
0;46800;INTARIAN_PEPPER_ROOT;12040;10;12037;21;;;12053;10;12056;21;;;12046.5;3182.0
0;46800;ASH_COATED_OSMIUM;9988;25;;;;;10007;13;10009;25;;;9997.5;414.21875
0;46900;ASH_COATED_OSMIUM;9991;11;9989;29;;;10007;11;10010;29;;;9999.0;397.71875
0;46900;INTARIAN_PEPPER_ROOT;12044;9;12040;12;12037;19;12056;19;;;;;12050.0;3190.0
0;47000;ASH_COATED_OSMIUM;9991;14;9989;22;;;10007;14;;;;;9999.0;399.15625
0;47000;INTARIAN_PEPPER_ROOT;12040;8;12037;17;;;12054;8;12057;17;;;12047.0;3198.0
0;47100;ASH_COATED_OSMIUM;9992;15;9989;22;;;10008;15;10010;22;;;10000.0;371.4375
0;47100;INTARIAN_PEPPER_ROOT;12041;11;12038;24;;;12054;11;12057;24;;;12047.5;3206.0
0;47200;ASH_COATED_OSMIUM;9991;15;9989;21;;;10001;2;10007;15;10010;21;9996.0;399.28125
0;47200;INTARIAN_PEPPER_ROOT;12038;16;;;;;12054;9;;;;;12046.0;3214.0
0;47300;ASH_COATED_OSMIUM;9991;10;9988;21;;;10007;10;;;;;9999.0;400.375
0;47300;INTARIAN_PEPPER_ROOT;12041;12;12038;18;;;12054;12;;;;;12047.5;3222.0
0;47400;ASH_COATED_OSMIUM;9988;22;;;;;10007;11;10009;22;;;9997.5;405.84375
0;47400;INTARIAN_PEPPER_ROOT;12041;9;12038;25;;;;;;;;;12041.0;3230.0
0;47500;ASH_COATED_OSMIUM;9987;21;;;;;10006;12;;;;;9996.5;439.875
0;47500;INTARIAN_PEPPER_ROOT;12041;12;12038;25;;;12054;12;12057;25;;;12047.5;3238.0
0;47600;ASH_COATED_OSMIUM;9990;11;9988;21;;;10009;21;;;;;9999.5;435.0625
0;47600;INTARIAN_PEPPER_ROOT;12041;12;;;;;12054;12;;;;;12047.5;3246.0
0;47700;INTARIAN_PEPPER_ROOT;12041;11;12038;23;;;12044;4;12054;11;;;12042.5;3254.0
0;47700;ASH_COATED_OSMIUM;9990;11;9988;23;;;10000;5;10006;11;;;9995.0;431.4375
0;47800;INTARIAN_PEPPER_ROOT;12041;11;12038;20;;;12054;11;12057;20;;;12047.5;3262.0
0;47800;ASH_COATED_OSMIUM;9990;10;9988;20;;;10006;10;;;;;9998.0;419.09375
0;47900;INTARIAN_PEPPER_ROOT;12041;12;;;;;12054;12;12057;17;;;12047.5;3270.0
0;47900;ASH_COATED_OSMIUM;9988;23;;;;;10009;23;;;;;9998.5;411.5625
0;48000;INTARIAN_PEPPER_ROOT;12041;10;12038;18;;;12055;10;12058;18;;;12048.0;3278.0
0;48000;ASH_COATED_OSMIUM;9990;14;9988;26;;;10006;14;10009;26;;;9998.0;413.46875
0;48100;ASH_COATED_OSMIUM;9990;11;9988;29;;;10006;11;10009;29;;;9998.0;413.65625
0;48100;INTARIAN_PEPPER_ROOT;12042;10;12039;24;;;12058;24;;;;;12050.0;3286.0
0;48200;INTARIAN_PEPPER_ROOT;12042;9;12039;20;;;12055;9;12058;20;;;12048.5;3294.0
0;48200;ASH_COATED_OSMIUM;9990;15;9988;26;;;10006;15;10009;26;;;9998.0;413.9375
0;48300;ASH_COATED_OSMIUM;9988;20;;;;;10006;15;10009;20;;;9997.0;410.40625
0;48300;INTARIAN_PEPPER_ROOT;12042;10;;;;;12055;10;12058;23;;;12048.5;3302.0
0;48400;INTARIAN_PEPPER_ROOT;12042;9;;;;;12055;9;12058;20;;;12048.5;3310.0
0;48400;ASH_COATED_OSMIUM;9990;11;9988;30;;;10009;30;;;;;9999.5;421.90625
0;48500;ASH_COATED_OSMIUM;9990;14;9988;29;;;10006;14;10009;29;;;9998.0;397.109375
0;48500;INTARIAN_PEPPER_ROOT;12042;10;;;;;12058;24;;;;;12050.0;3318.0
0;48600;INTARIAN_PEPPER_ROOT;12042;10;;;;;12055;10;12058;19;;;12048.5;3326.0
0;48600;ASH_COATED_OSMIUM;9990;14;9988;26;;;10006;14;10009;26;;;9998.0;403.859375
0;48700;ASH_COATED_OSMIUM;9990;13;9988;22;;;10006;13;10009;22;;;9998.0;404.546875
0;48700;INTARIAN_PEPPER_ROOT;12042;8;12039;16;;;12055;8;12058;16;;;12048.5;3334.0
0;48800;INTARIAN_PEPPER_ROOT;12039;18;;;;;12051;9;12055;12;12058;18;12045.0;3342.0
0;48800;ASH_COATED_OSMIUM;9990;10;9988;28;;;10006;10;10009;28;;;9998.0;397.078125
0;48900;ASH_COATED_OSMIUM;9988;22;;;;;10007;15;10009;22;;;9997.5;392.328125
0;48900;INTARIAN_PEPPER_ROOT;12046;5;12039;25;;;12055;8;12058;25;;;12050.5;3350.0
0;49000;INTARIAN_PEPPER_ROOT;12042;9;;;;;12056;9;;;;;12049.0;3358.0
0;49000;ASH_COATED_OSMIUM;9991;12;;;;;10009;28;;;;;10000.0;392.15625
0;49100;ASH_COATED_OSMIUM;10000;10;9991;13;9988;30;10007;13;10009;30;;;10003.5;387.046875
0;49100;INTARIAN_PEPPER_ROOT;12043;8;12040;18;;;12056;8;12059;18;;;12049.5;3366.0
0;49200;INTARIAN_PEPPER_ROOT;12043;12;12040;15;;;12056;12;12059;15;;;12049.5;3374.0
0;49200;ASH_COATED_OSMIUM;9990;11;;;;;10006;11;;;;;9998.0;411.8125
0;49300;ASH_COATED_OSMIUM;9990;12;9987;29;;;10008;29;;;;;9999.0;433.09375
0;49300;INTARIAN_PEPPER_ROOT;12046;12;12043;12;;;12056;12;12059;20;;;12051.0;3382.0
0;49400;INTARIAN_PEPPER_ROOT;12043;12;12040;23;;;12056;12;12059;23;;;12049.5;3390.0
0;49400;ASH_COATED_OSMIUM;9990;13;9987;22;;;10006;13;;;;;9998.0;438.6875
0;49500;ASH_COATED_OSMIUM;9990;12;9987;24;;;10006;12;10008;24;;;9998.0;456.96875
0;49500;INTARIAN_PEPPER_ROOT;12043;12;12040;17;;;12056;12;12059;17;;;12049.5;3398.0
0;49600;INTARIAN_PEPPER_ROOT;12043;12;12040;22;;;12056;12;12059;22;;;12049.5;3406.0
0;49600;ASH_COATED_OSMIUM;9990;15;9988;28;;;10006;15;10009;28;;;9998.0;449.125
0;49700;ASH_COATED_OSMIUM;9990;13;9988;21;;;10006;13;10009;21;;;9998.0;450.625
0;49700;INTARIAN_PEPPER_ROOT;12043;12;;;;;12056;12;12059;17;;;12049.5;3414.0
0;49800;INTARIAN_PEPPER_ROOT;12043;9;12040;23;;;12046;3;12056;9;12059;23;12044.5;3422.0
0;49800;ASH_COATED_OSMIUM;9991;15;;;;;10009;20;;;;;10000.0;422.5
0;49900;ASH_COATED_OSMIUM;9991;14;;;;;10007;14;;;;;9999.0;411.6875
0;49900;INTARIAN_PEPPER_ROOT;12043;8;12040;22;;;12056;8;12059;22;;;12049.5;3430.0
0;50000;INTARIAN_PEPPER_ROOT;12043;8;12040;18;;;;;;;;;12043.0;3438.0
0;50000;ASH_COATED_OSMIUM;9988;24;;;;;10007;12;10009;24;;;9997.5;416.3125
0;50100;ASH_COATED_OSMIUM;9991;14;9988;22;;;10007;14;10009;22;;;9999.0;423.34375
0;50100;INTARIAN_PEPPER_ROOT;12044;10;;;;;12057;10;;;;;12050.5;3446.0
0;50200;INTARIAN_PEPPER_ROOT;;;;;;;12057;10;12060;17;;;12057.0;3454.0
0;50200;ASH_COATED_OSMIUM;9988;28;;;;;10007;12;10009;28;;;9997.5;429.0625
0;50300;ASH_COATED_OSMIUM;9990;12;9988;23;;;10006;12;;;;;9998.0;437.53125
0;50300;INTARIAN_PEPPER_ROOT;12044;10;;;;;12057;10;12060;20;;;12050.5;3462.0
0;50400;INTARIAN_PEPPER_ROOT;12044;12;12041;16;;;12057;12;12060;16;;;12050.5;3470.0
0;50400;ASH_COATED_OSMIUM;9991;15;;;;;10007;15;10009;21;;;9999.0;431.125
0;50500;ASH_COATED_OSMIUM;9990;13;;;;;10006;13;10009;27;;;9998.0;436.65625
0;50500;INTARIAN_PEPPER_ROOT;12044;11;12041;25;;;12057;11;12060;25;;;12050.5;3478.0
0;50600;INTARIAN_PEPPER_ROOT;12041;15;;;;;12057;11;;;;;12049.0;3486.0
0;50600;ASH_COATED_OSMIUM;9988;22;;;;;10006;14;10009;22;;;9997.0;440.875
0;50700;ASH_COATED_OSMIUM;9990;15;9988;20;;;10006;15;10009;20;;;9998.0;439.0625
0;50700;INTARIAN_PEPPER_ROOT;12044;10;12041;18;;;12057;10;12060;18;;;12050.5;3494.0
0;50800;INTARIAN_PEPPER_ROOT;12044;9;12041;23;;;12060;23;;;;;12052.0;3502.0
0;50800;ASH_COATED_OSMIUM;9990;14;;;;;10006;14;10009;26;;;9998.0;437.8125
0;50900;ASH_COATED_OSMIUM;9990;11;9988;30;;;10006;11;;;;;9998.0;450.4375
0;50900;INTARIAN_PEPPER_ROOT;12044;10;12041;15;;;12057;10;12060;15;;;12050.5;3510.0
0;51000;INTARIAN_PEPPER_ROOT;12044;12;;;;;12058;12;12061;21;;;12051.0;3518.0
0;51000;ASH_COATED_OSMIUM;9987;23;;;;;10008;23;;;;;9997.5;467.40625
0;51100;INTARIAN_PEPPER_ROOT;12045;8;12042;23;;;12058;8;12061;23;;;12051.5;3526.0
0;51100;ASH_COATED_OSMIUM;9990;15;;;;;10006;15;10009;29;;;9998.0;434.53125
0;51200;INTARIAN_PEPPER_ROOT;12045;9;12042;21;;;;;;;;;12045.0;3534.0
0;51200;ASH_COATED_OSMIUM;9991;13;9989;30;;;10010;30;;;;;10000.5;402.28125
0;51300;INTARIAN_PEPPER_ROOT;12042;18;;;;;12058;8;12061;18;;;12050.0;3542.0
0;51300;ASH_COATED_OSMIUM;9989;23;;;;;10007;13;10010;23;;;9998.0;403.34375
0;51400;ASH_COATED_OSMIUM;9989;22;;;;;10010;22;;;;;9999.5;389.625
0;51400;INTARIAN_PEPPER_ROOT;12045;12;12042;23;;;12058;12;;;;;12051.5;3550.0
0;51500;ASH_COATED_OSMIUM;9991;15;9988;21;;;10007;15;10009;21;;;9999.0;397.71875
0;51500;INTARIAN_PEPPER_ROOT;12045;10;12042;19;;;12061;19;;;;;12053.0;3558.0
0;51600;ASH_COATED_OSMIUM;9988;21;;;;;10007;12;;;;;9997.5;397.21875
0;51600;INTARIAN_PEPPER_ROOT;12045;11;;;;;12058;11;;;;;12051.5;3566.0
0;51700;ASH_COATED_OSMIUM;9988;30;;;;;10009;30;;;;;9998.5;410.59375
0;51700;INTARIAN_PEPPER_ROOT;12045;8;12042;19;;;12048;4;12058;8;;;12046.5;3574.0
0;51800;ASH_COATED_OSMIUM;;;;;;;10007;10;10009;25;;;10007.0;403.65625
0;51800;INTARIAN_PEPPER_ROOT;12042;16;;;;;12061;16;;;;;12051.5;3582.0
0;51900;ASH_COATED_OSMIUM;9988;26;;;;;10007;11;10009;26;;;9997.5;400.03125
0;51900;INTARIAN_PEPPER_ROOT;12042;18;;;;;12058;9;12061;18;;;12050.0;3590.0
0;52000;ASH_COATED_OSMIUM;9988;21;;;;;10009;21;;;;;9998.5;398.8125
0;52000;INTARIAN_PEPPER_ROOT;12045;9;12042;18;;;12059;9;12062;18;;;12052.0;3598.0
0;52100;INTARIAN_PEPPER_ROOT;12046;10;12043;20;;;12059;10;12062;20;;;12052.5;3606.0
0;52100;ASH_COATED_OSMIUM;9992;11;9989;27;;;10008;11;10010;27;;;10000.0;372.4375
0;52200;INTARIAN_PEPPER_ROOT;12046;10;12043;15;;;12059;10;12062;15;;;12052.5;3614.0
0;52200;ASH_COATED_OSMIUM;9991;10;9989;23;;;10007;10;10010;23;;;9999.0;391.5625
0;52300;INTARIAN_PEPPER_ROOT;12046;10;12043;15;;;12059;10;12062;15;;;12052.5;3622.0
0;52300;ASH_COATED_OSMIUM;9991;12;9989;30;;;10007;12;10010;30;;;9999.0;393.40625
0;52400;INTARIAN_PEPPER_ROOT;;;;;;;12059;9;12062;20;;;12059.0;3630.0
0;52400;ASH_COATED_OSMIUM;9990;14;9988;20;;;10000;2;10009;20;;;9995.0;421.1875
0;52500;INTARIAN_PEPPER_ROOT;12046;8;12043;17;;;12059;8;12062;17;;;12052.5;3638.0
0;52500;ASH_COATED_OSMIUM;9990;15;;;;;10008;25;;;;;9999.0;430.375
0;52600;INTARIAN_PEPPER_ROOT;12043;25;;;;;12059;8;12062;25;;;12051.0;3646.0
0;52600;ASH_COATED_OSMIUM;9987;30;;;;;10006;14;;;;;9996.5;432.53125
0;52700;ASH_COATED_OSMIUM;9990;12;9987;24;;;10006;12;10008;24;;;9998.0;428.3125
0;52700;INTARIAN_PEPPER_ROOT;12046;8;12043;23;;;12059;8;;;;;12052.5;3654.0
0;52800;ASH_COATED_OSMIUM;9987;26;;;;;10005;14;10008;26;;;9996.0;445.8125
0;52800;INTARIAN_PEPPER_ROOT;12046;11;12043;20;;;12059;11;;;;;12052.5;3662.0
0;52900;INTARIAN_PEPPER_ROOT;12046;11;12043;23;;;12059;11;12062;23;;;12052.5;3670.0
0;52900;ASH_COATED_OSMIUM;9989;10;9986;26;;;10005;10;;;;;9997.0;457.0
0;53000;INTARIAN_PEPPER_ROOT;12043;23;;;;;12060;10;12063;23;;;12051.5;3678.0
0;53000;ASH_COATED_OSMIUM;9989;13;9986;29;;;10005;13;10007;29;;;9997.0;452.34375
0;53100;ASH_COATED_OSMIUM;9989;15;9986;21;;;10007;21;;;;;9998.0;459.34375
0;53100;INTARIAN_PEPPER_ROOT;12047;12;12044;16;;;;;;;;;12047.0;3686.0
0;53200;ASH_COATED_OSMIUM;9989;14;;;;;10005;14;;;;;9997.0;441.9375
0;53200;INTARIAN_PEPPER_ROOT;12047;9;12044;19;;;12060;9;12063;19;;;12053.5;3694.0
0;53300;INTARIAN_PEPPER_ROOT;12044;22;;;;;12060;9;;;;;12052.0;3702.0
0;53300;ASH_COATED_OSMIUM;9987;20;;;;;10006;13;10008;20;;;9996.5;428.59375
0;53400;INTARIAN_PEPPER_ROOT;;;;;;;12060;10;12063;23;;;12060.0;3710.0
0;53400;ASH_COATED_OSMIUM;9987;30;;;;;10006;14;;;;;9996.5;422.6875
0;53500;ASH_COATED_OSMIUM;9990;13;9987;25;;;10006;13;;;;;9998.0;433.9375
0;53500;INTARIAN_PEPPER_ROOT;12047;11;;;;;12060;11;;;;;12053.5;3718.0
0;53600;ASH_COATED_OSMIUM;9990;14;9987;22;;;10006;14;10008;22;;;9998.0;433.96875
0;53600;INTARIAN_PEPPER_ROOT;12047;9;12044;25;;;12063;25;;;;;12055.0;3726.0
0;53700;INTARIAN_PEPPER_ROOT;12047;10;12044;20;;;;;;;;;12047.0;3734.0
0;53700;ASH_COATED_OSMIUM;9999;7;9995;5;9990;14;10008;23;;;;;10003.5;434.53125
0;53800;INTARIAN_PEPPER_ROOT;12047;10;;;;;12060;10;12063;21;;;12053.5;3742.0
0;53800;ASH_COATED_OSMIUM;9990;12;9987;29;;;;;;;;;9990.0;441.0
0;53900;ASH_COATED_OSMIUM;9989;13;9987;25;;;10005;13;;;;;9997.0;450.03125
0;53900;INTARIAN_PEPPER_ROOT;12047;9;12044;19;;;12060;9;12063;19;;;12053.5;3750.0
0;54000;ASH_COATED_OSMIUM;9989;15;9986;21;;;10005;15;10007;21;;;9997.0;471.5
0;54000;INTARIAN_PEPPER_ROOT;12047;8;;;;;12061;8;12064;25;;;12054.0;3758.0
0;54100;INTARIAN_PEPPER_ROOT;12048;12;12045;21;;;12061;12;;;;;12054.5;3766.0
0;54100;ASH_COATED_OSMIUM;9989;13;9986;21;;;10005;13;10007;21;;;9997.0;443.21875
0;54200;INTARIAN_PEPPER_ROOT;12048;9;12045;22;;;12064;22;;;;;12056.0;3774.0
0;54200;ASH_COATED_OSMIUM;9989;15;;;;;10005;15;10007;20;;;9997.0;448.375
0;54300;ASH_COATED_OSMIUM;9988;10;;;;;10004;10;10007;26;;;9996.0;457.875
0;54300;INTARIAN_PEPPER_ROOT;;;;;;;12061;9;12064;15;;;12061.0;3782.0
0;54400;ASH_COATED_OSMIUM;9988;14;9986;22;;;10004;14;10007;22;;;9996.0;485.90625
0;54400;INTARIAN_PEPPER_ROOT;12045;15;;;;;12061;9;12064;15;;;12053.0;3790.0
0;54500;INTARIAN_PEPPER_ROOT;12048;9;12045;24;;;12061;9;12064;24;;;12054.5;3798.0
0;54500;ASH_COATED_OSMIUM;9988;11;9986;27;;;10007;27;;;;;9997.5;491.6875
0;54600;INTARIAN_PEPPER_ROOT;12048;8;12045;15;;;12061;8;12064;15;;;12054.5;3806.0
0;54600;ASH_COATED_OSMIUM;9986;29;;;;;10004;10;10007;29;;;9995.0;489.65625
0;54700;ASH_COATED_OSMIUM;9988;10;;;;;10004;10;;;;;9996.0;484.46875
0;54700;INTARIAN_PEPPER_ROOT;12045;16;;;;;12064;16;;;;;12054.5;3814.0
0;54800;ASH_COATED_OSMIUM;9988;10;;;;;10004;10;10007;23;;;9996.0;489.84375
0;54800;INTARIAN_PEPPER_ROOT;12048;11;12045;25;;;12061;11;12064;25;;;12054.5;3822.0
0;54900;INTARIAN_PEPPER_ROOT;12045;25;;;;;12057;8;12061;10;12064;25;12051.0;3830.0
0;54900;ASH_COATED_OSMIUM;9988;13;9986;22;;;10007;22;;;;;9997.5;550.625
0;55000;INTARIAN_PEPPER_ROOT;12048;10;12045;15;;;12062;10;12065;15;;;12055.0;3838.0
0;55000;ASH_COATED_OSMIUM;9986;20;;;;;10004;10;;;;;9995.0;539.125
0;55100;ASH_COATED_OSMIUM;9988;11;9986;24;;;10004;11;10007;24;;;9996.0;554.96875
0;55100;INTARIAN_PEPPER_ROOT;12049;8;12046;20;;;12062;8;;;;;12055.5;3846.0
0;55200;ASH_COATED_OSMIUM;9988;14;9985;25;;;10004;14;10006;25;;;9996.0;572.15625
0;55200;INTARIAN_PEPPER_ROOT;12046;24;;;;;12062;9;12065;24;;;12054.0;3854.0
0;55300;INTARIAN_PEPPER_ROOT;12049;9;12046;19;;;12062;9;12065;19;;;12055.5;3862.0
0;55300;ASH_COATED_OSMIUM;9988;11;9986;22;;;10004;11;;;;;9996.0;553.1875
0;55400;INTARIAN_PEPPER_ROOT;12049;12;;;;;12062;12;12065;23;;;12055.5;3870.0
0;55400;ASH_COATED_OSMIUM;9988;12;9985;27;;;10004;12;10006;27;;;9996.0;564.4375
0;55500;INTARIAN_PEPPER_ROOT;12049;11;12046;16;;;12062;11;12065;16;;;12055.5;3878.0
0;55500;ASH_COATED_OSMIUM;9988;14;9986;22;;;10004;14;10007;22;;;9996.0;558.625
0;55600;INTARIAN_PEPPER_ROOT;12049;9;12046;20;;;;;;;;;12049.0;3886.0
0;55600;ASH_COATED_OSMIUM;9988;14;9985;23;;;10004;14;10006;23;;;9996.0;563.1875
0;55700;INTARIAN_PEPPER_ROOT;12049;8;12046;15;;;12062;8;12065;15;;;12055.5;3894.0
0;55700;ASH_COATED_OSMIUM;9988;10;9985;21;;;10006;21;;;;;9997.0;564.75
0;55800;ASH_COATED_OSMIUM;;;;;;;10004;12;;;;;10004.0;581.75
0;55800;INTARIAN_PEPPER_ROOT;12049;9;12046;25;;;12065;25;;;;;12057.0;3902.0
0;55900;ASH_COATED_OSMIUM;;;;;;;10004;14;;;;;10004.0;568.875
0;55900;INTARIAN_PEPPER_ROOT;12049;9;12046;20;;;12062;9;12065;20;;;12055.5;3910.0
0;56000;ASH_COATED_OSMIUM;9988;11;9985;24;;;9997;2;10004;11;;;9992.5;563.0625
0;56000;INTARIAN_PEPPER_ROOT;12049;9;12046;22;;;12063;9;12066;22;;;12056.0;3918.0
0;56100;ASH_COATED_OSMIUM;9986;27;;;;;10004;11;10007;27;;;9995.0;549.4375
0;56100;INTARIAN_PEPPER_ROOT;12050;12;12047;18;;;12063;12;12066;18;;;12056.5;3926.0
0;56200;ASH_COATED_OSMIUM;9988;13;9986;30;;;10007;30;;;;;9997.5;548.53125
0;56200;INTARIAN_PEPPER_ROOT;12050;11;12047;20;;;12063;11;12066;20;;;12056.5;3934.0
0;56300;ASH_COATED_OSMIUM;9988;14;9986;28;;;10004;14;;;;;9996.0;550.21875
0;56300;INTARIAN_PEPPER_ROOT;12050;9;;;;;;;;;;;12050.0;3942.0
0;56400;ASH_COATED_OSMIUM;9997;9;;;;;10004;10;10006;27;;;10000.5;572.53125
0;56400;INTARIAN_PEPPER_ROOT;12050;12;12047;25;;;12063;12;12066;25;;;12056.5;3950.0
0;56500;ASH_COATED_OSMIUM;9987;14;9985;21;;;10003;14;10006;21;;;9995.0;595.15625
0;56500;INTARIAN_PEPPER_ROOT;12050;10;12047;16;;;12063;10;;;;;12056.5;3958.0
0;56600;INTARIAN_PEPPER_ROOT;12050;11;12047;18;;;12066;18;;;;;12058.0;3966.0
0;56600;ASH_COATED_OSMIUM;9988;10;9985;28;;;10004;10;10006;28;;;9996.0;579.21875
0;56700;INTARIAN_PEPPER_ROOT;12050;8;;;;;12063;8;12066;17;;;12056.5;3974.0
0;56700;ASH_COATED_OSMIUM;9988;12;9985;27;;;10006;27;;;;;9997.0;576.75
0;56800;INTARIAN_PEPPER_ROOT;12047;19;;;;;12063;10;;;;;12055.0;3982.0
0;56800;ASH_COATED_OSMIUM;9988;14;9986;23;;;10004;14;;;;;9996.0;559.46875
0;56900;ASH_COATED_OSMIUM;9989;10;9986;20;;;10005;10;10007;20;;;9997.0;524.625
0;56900;INTARIAN_PEPPER_ROOT;12047;19;;;;;12063;8;12066;19;;;12055.0;3990.0
0;57000;INTARIAN_PEPPER_ROOT;12050;9;12047;17;;;12064;9;12067;17;;;12057.0;3998.0
0;57000;ASH_COATED_OSMIUM;9998;6;9986;20;;;10005;15;;;;;10001.5;537.1875
0;57100;ASH_COATED_OSMIUM;9988;12;9986;24;;;10004;12;10007;24;;;9996.0;554.0
0;57100;INTARIAN_PEPPER_ROOT;12051;12;12048;15;;;12064;12;12067;15;;;12057.5;4006.0
0;57200;INTARIAN_PEPPER_ROOT;12051;11;12048;22;;;12064;11;12067;22;;;12057.5;4014.0
0;57200;ASH_COATED_OSMIUM;9989;13;9986;25;;;10005;13;10007;25;;;9997.0;536.375
0;57300;ASH_COATED_OSMIUM;9989;11;;;;;9994;9;10005;11;10007;30;9991.5;508.0
0;57300;INTARIAN_PEPPER_ROOT;12051;9;12048;19;;;12064;9;12067;19;;;12057.5;4022.0
0;57400;INTARIAN_PEPPER_ROOT;12051;11;12048;25;;;12064;11;12067;25;;;12057.5;4030.0
0;57400;ASH_COATED_OSMIUM;9988;13;9986;27;;;10007;27;;;;;9997.5;547.65625
0;57500;ASH_COATED_OSMIUM;9985;21;;;;;10004;14;10006;21;;;9994.5;576.09375
0;57500;INTARIAN_PEPPER_ROOT;12051;10;12048;19;;;12064;10;12067;19;;;12057.5;4038.0
0;57600;INTARIAN_PEPPER_ROOT;12051;12;12048;16;;;12064;12;12067;16;;;12057.5;4046.0
0;57600;ASH_COATED_OSMIUM;;;;;;;10006;20;;;;;10006.0;601.46875
0;57700;ASH_COATED_OSMIUM;9987;12;9985;21;;;10003;12;10006;21;;;9995.0;592.6875
0;57700;INTARIAN_PEPPER_ROOT;12048;19;;;;;12064;9;12067;19;;;12056.0;4054.0
0;57800;INTARIAN_PEPPER_ROOT;;;;;;;12064;10;12067;20;;;12064.0;4062.0
0;57800;ASH_COATED_OSMIUM;9987;15;9985;26;;;10006;26;;;;;9996.5;600.46875
0;57900;ASH_COATED_OSMIUM;9987;15;9985;26;;;10006;26;;;;;9996.5;549.75
0;57900;INTARIAN_PEPPER_ROOT;12051;8;12048;23;;;12064;8;12067;23;;;12057.5;4070.0
0;58000;INTARIAN_PEPPER_ROOT;;;;;;;12065;9;12068;16;;;12065.0;4078.0
0;58000;ASH_COATED_OSMIUM;9987;15;9985;28;;;10003;15;;;;;9995.0;545.0625
0;58100;ASH_COATED_OSMIUM;9987;12;9985;20;;;10003;12;10006;20;;;9995.0;555.25
0;58100;INTARIAN_PEPPER_ROOT;12049;21;;;;;12065;12;12068;21;;;12057.0;4086.0
0;58200;INTARIAN_PEPPER_ROOT;12052;8;12049;21;;;12068;21;;;;;12060.0;4094.0
0;58200;ASH_COATED_OSMIUM;9987;13;9985;27;;;10003;13;10006;27;;;9995.0;547.84375
0;58300;ASH_COATED_OSMIUM;9987;10;;;;;;;;;;;9987.0;556.125
0;58300;INTARIAN_PEPPER_ROOT;12049;17;;;;;12065;11;12068;17;;;12057.0;4102.0
0;58400;INTARIAN_PEPPER_ROOT;12052;11;12049;17;;;12065;11;;;;;12058.5;4110.0
0;58400;ASH_COATED_OSMIUM;9984;25;;;;;10005;25;;;;;9994.5;566.0
0;58500;ASH_COATED_OSMIUM;9987;11;9984;20;;;10003;11;10005;20;;;9995.0;566.09375
0;58500;INTARIAN_PEPPER_ROOT;12052;11;12049;19;;;12065;11;;;;;12058.5;4118.0
0;58600;INTARIAN_PEPPER_ROOT;12052;12;;;;;;;;;;;12052.0;4126.0
0;58600;ASH_COATED_OSMIUM;9987;14;;;;;10003;14;10005;22;;;9995.0;572.3125
0;58700;ASH_COATED_OSMIUM;9984;29;;;;;10003;15;10005;29;;;9993.5;562.375
0;58700;INTARIAN_PEPPER_ROOT;12052;10;12049;25;;;12065;10;12068;25;;;12058.5;4134.0
0;58800;INTARIAN_PEPPER_ROOT;12052;11;12049;20;;;12068;20;;;;;12060.0;4142.0
0;58800;ASH_COATED_OSMIUM;9987;12;9984;30;;;;;;;;;9987.0;567.5
0;58900;ASH_COATED_OSMIUM;9987;11;9985;23;;;10003;11;10006;23;;;9995.0;542.46875
0;58900;INTARIAN_PEPPER_ROOT;12052;9;12049;25;;;12061;8;12068;25;;;12056.5;4150.0
0;59000;INTARIAN_PEPPER_ROOT;12049;18;;;;;12066;10;12069;18;;;12057.5;4158.0
0;59000;ASH_COATED_OSMIUM;9987;11;;;;;;;;;;;9987.0;554.40625
0;59100;ASH_COATED_OSMIUM;9987;12;9985;20;;;10006;20;;;;;9996.5;546.375
0;59100;INTARIAN_PEPPER_ROOT;12053;9;12050;23;;;12066;9;12069;23;;;12059.5;4166.0
0;59200;INTARIAN_PEPPER_ROOT;12053;10;;;;;;;;;;;12053.0;4174.0
0;59200;ASH_COATED_OSMIUM;9987;15;9984;23;;;10003;15;10005;23;;;9995.0;568.59375
0;59300;ASH_COATED_OSMIUM;9987;15;9984;22;;;10005;22;;;;;9996.0;573.4375
0;59300;INTARIAN_PEPPER_ROOT;12053;10;;;;;12066;10;;;;;12059.5;4182.0
0;59400;INTARIAN_PEPPER_ROOT;12053;9;12050;21;;;12066;9;12069;21;;;12059.5;4190.0
0;59400;ASH_COATED_OSMIUM;9986;11;9983;23;;;10002;11;10004;23;;;9994.0;596.78125
0;59500;ASH_COATED_OSMIUM;9986;10;9984;22;;;10002;10;;;;;9994.0;583.375
0;59500;INTARIAN_PEPPER_ROOT;12053;10;12050;23;;;12066;10;12069;23;;;12059.5;4198.0
0;59600;INTARIAN_PEPPER_ROOT;12053;9;12050;20;;;12055;4;;;;;12054.0;4206.0
0;59600;ASH_COATED_OSMIUM;9986;15;9983;24;;;10002;15;10004;24;;;9994.0;598.8125
0;59700;ASH_COATED_OSMIUM;9986;13;9984;25;;;10002;13;10005;25;;;9994.0;594.25
0;59700;INTARIAN_PEPPER_ROOT;12053;10;12050;17;;;12066;10;12069;17;;;12059.5;4214.0
0;59800;INTARIAN_PEPPER_ROOT;12050;25;;;;;12066;11;;;;;12058.0;4222.0
0;59800;ASH_COATED_OSMIUM;9986;15;9983;22;;;10002;15;10004;22;;;9994.0;603.625
0;59900;INTARIAN_PEPPER_ROOT;12053;12;12050;22;;;12066;12;12069;22;;;12059.5;4230.0
0;59900;ASH_COATED_OSMIUM;9987;12;;;;;10003;12;10005;23;;;9995.0;575.96875
0;60000;INTARIAN_PEPPER_ROOT;12053;8;12050;17;;;12067;8;12070;17;;;12060.0;4238.0
0;60000;ASH_COATED_OSMIUM;9987;12;9984;25;;;10003;12;10005;25;;;9995.0;562.6875
0;60100;INTARIAN_PEPPER_ROOT;12054;12;;;;;12067;12;12070;17;;;12060.5;4246.0
0;60100;ASH_COATED_OSMIUM;9987;12;;;;;10003;12;10005;27;;;9995.0;565.46875
0;60200;INTARIAN_PEPPER_ROOT;;;;;;;12067;11;;;;;12067.0;4254.0
0;60200;ASH_COATED_OSMIUM;9987;13;9984;25;;;10005;25;;;;;9996.0;572.21875
0;60300;ASH_COATED_OSMIUM;9987;15;9984;23;;;10005;23;;;;;9996.0;575.34375
0;60300;INTARIAN_PEPPER_ROOT;12054;10;12051;18;;;12056;5;12067;10;;;12055.0;4262.0
0;60400;ASH_COATED_OSMIUM;9987;14;;;;;10003;14;10005;22;;;9995.0;573.4375
0;60400;INTARIAN_PEPPER_ROOT;12054;11;;;;;12067;11;12070;18;;;12060.5;4270.0
0;60500;ASH_COATED_OSMIUM;9984;25;;;;;10003;12;;;;;9993.5;563.0
0;60500;INTARIAN_PEPPER_ROOT;12051;15;;;;;12067;10;12070;15;;;12059.0;4278.0
0;60600;ASH_COATED_OSMIUM;9987;14;9985;21;;;10003;14;10006;21;;;9995.0;555.59375
0;60600;INTARIAN_PEPPER_ROOT;12054;8;12051;20;;;12067;8;;;;;12060.5;4286.0
0;60700;ASH_COATED_OSMIUM;9988;14;9985;24;;;10004;14;10006;24;;;9996.0;538.46875
0;60700;INTARIAN_PEPPER_ROOT;12054;10;12051;19;;;12067;10;12070;19;;;12060.5;4294.0
0;60800;ASH_COATED_OSMIUM;9987;15;9984;26;;;10003;15;;;;;9995.0;560.46875
0;60800;INTARIAN_PEPPER_ROOT;12054;11;12051;17;;;12067;11;;;;;12060.5;4302.0
0;60900;ASH_COATED_OSMIUM;9987;12;9985;29;;;10003;12;10006;29;;;9995.0;542.78125
0;60900;INTARIAN_PEPPER_ROOT;12051;17;;;;;12067;8;12070;17;;;12059.0;4310.0
0;61000;INTARIAN_PEPPER_ROOT;12051;17;;;;;12071;17;;;;;12061.0;4318.0
0;61000;ASH_COATED_OSMIUM;9988;15;9985;25;;;10004;15;10006;25;;;9996.0;524.6875
0;61100;INTARIAN_PEPPER_ROOT;12052;16;;;;;12068;12;;;;;12060.0;4326.0
0;61100;ASH_COATED_OSMIUM;9989;15;;;;;10007;29;;;;;9998.0;499.1875
0;61200;INTARIAN_PEPPER_ROOT;12055;9;;;;;12068;9;12071;18;;;12061.5;4334.0
0;61200;ASH_COATED_OSMIUM;9989;11;;;;;;;;;;;9989.0;497.5
0;61300;INTARIAN_PEPPER_ROOT;12055;9;12052;17;;;12068;9;12071;17;;;12061.5;4342.0
0;61300;ASH_COATED_OSMIUM;9989;14;9986;27;;;10005;14;10007;27;;;9997.0;492.125
0;61400;ASH_COATED_OSMIUM;9989;13;9986;28;;;10005;13;10007;28;;;9997.0;490.46875
0;61400;INTARIAN_PEPPER_ROOT;12055;11;12052;20;;;12068;11;12071;20;;;12061.5;4350.0
0;61500;INTARIAN_PEPPER_ROOT;12055;11;;;;;12068;11;12071;19;;;12061.5;4358.0
0;61500;ASH_COATED_OSMIUM;9989;15;9986;22;;;;;;;;;9989.0;494.0
0;61600;INTARIAN_PEPPER_ROOT;12052;24;;;;;12068;9;12071;24;;;12060.0;4366.0
0;61600;ASH_COATED_OSMIUM;;;;;;;10005;13;10007;27;;;10005.0;498.90625
0;61700;ASH_COATED_OSMIUM;9989;10;9986;21;;;10005;10;10007;21;;;9997.0;499.40625
0;61700;INTARIAN_PEPPER_ROOT;12055;11;12052;25;;;12068;11;12071;25;;;12061.5;4374.0
0;61800;ASH_COATED_OSMIUM;9989;14;;;;;10005;14;10007;24;;;9997.0;487.5625
0;61800;INTARIAN_PEPPER_ROOT;12052;23;;;;;12068;12;12071;23;;;12060.0;4382.0
0;61900;INTARIAN_PEPPER_ROOT;12055;12;12052;23;;;12071;23;;;;;12063.0;4390.0
0;61900;ASH_COATED_OSMIUM;9989;13;9987;28;;;10005;13;10008;28;;;9997.0;483.90625
0;62000;INTARIAN_PEPPER_ROOT;12055;10;;;;;12069;10;12072;17;;;12062.0;4398.0
0;62000;ASH_COATED_OSMIUM;9989;10;9986;24;;;10005;10;10007;24;;;9997.0;490.96875
0;62100;ASH_COATED_OSMIUM;9988;11;9986;25;;;10004;11;;;;;9996.0;511.21875
0;62100;INTARIAN_PEPPER_ROOT;12056;10;12053;22;;;12069;10;12072;22;;;12062.5;4406.0
0;62200;ASH_COATED_OSMIUM;9989;12;;;;;10005;12;10008;22;;;9997.0;486.0
0;62200;INTARIAN_PEPPER_ROOT;12056;12;12053;20;;;;;;;;;12056.0;4414.0
0;62300;INTARIAN_PEPPER_ROOT;12053;17;;;;;12069;12;12072;17;;;12061.0;4422.0
0;62300;ASH_COATED_OSMIUM;9989;13;9987;21;;;10005;13;10008;21;;;9997.0;486.40625
0;62400;INTARIAN_PEPPER_ROOT;12056;8;12053;17;;;12069;8;;;;;12062.5;4430.0
0;62400;ASH_COATED_OSMIUM;9989;10;9987;24;;;10005;10;10008;24;;;9997.0;475.8125
0;62500;ASH_COATED_OSMIUM;9989;13;9987;25;;;10005;13;10008;25;;;9997.0;469.28125
0;62500;INTARIAN_PEPPER_ROOT;12056;11;;;;;12069;11;12072;19;;;12062.5;4438.0
0;62600;ASH_COATED_OSMIUM;9990;11;9987;21;;;10006;11;10008;21;;;9998.0;468.40625
0;62600;INTARIAN_PEPPER_ROOT;12056;11;12053;23;;;12072;23;;;;;12064.0;4446.0
0;62700;INTARIAN_PEPPER_ROOT;12053;17;;;;;12069;11;;;;;12061.0;4454.0
0;62700;ASH_COATED_OSMIUM;9989;10;;;;;10005;10;;;;;9997.0;529.875
0;62800;INTARIAN_PEPPER_ROOT;12056;12;12053;18;;;12069;12;;;;;12062.5;4462.0
0;62800;ASH_COATED_OSMIUM;9989;12;9986;22;;;10005;12;10007;22;;;9997.0;532.71875
0;62900;ASH_COATED_OSMIUM;9989;10;9986;20;;;10007;20;;;;;9998.0;534.5625
0;62900;INTARIAN_PEPPER_ROOT;12056;9;12053;17;;;;;;;;;12056.0;4470.0
0;63000;ASH_COATED_OSMIUM;9986;30;;;;;10005;14;10007;30;;;9995.5;533.375
0;63000;INTARIAN_PEPPER_ROOT;12056;9;;;;;12070;9;12073;18;;;12063.0;4478.0
0;63100;INTARIAN_PEPPER_ROOT;12057;8;12054;15;;;12070;8;12073;15;;;12063.5;4486.0
0;63100;ASH_COATED_OSMIUM;9988;14;9986;30;;;10004;14;;;;;9996.0;552.65625
0;63200;INTARIAN_PEPPER_ROOT;12057;9;12054;17;;;12070;9;;;;;12063.5;4494.0
0;63200;ASH_COATED_OSMIUM;9986;24;;;;;10004;15;;;;;9995.0;555.125
0;63300;ASH_COATED_OSMIUM;9988;15;9986;30;;;10007;30;;;;;9997.5;562.0
0;63300;INTARIAN_PEPPER_ROOT;12057;10;12054;24;;;12073;24;;;;;12065.0;4502.0
0;63400;ASH_COATED_OSMIUM;;;;;;;10004;15;10006;22;;;10004.0;563.15625
0;63400;INTARIAN_PEPPER_ROOT;12054;25;;;;;12070;9;12073;25;;;12062.0;4510.0
0;63500;INTARIAN_PEPPER_ROOT;12057;11;;;;;12070;11;12073;16;;;12063.5;4518.0
0;63500;ASH_COATED_OSMIUM;9986;28;;;;;10004;12;10007;28;;;9995.0;560.1875
0;63600;INTARIAN_PEPPER_ROOT;12054;24;;;;;12070;9;12073;24;;;12062.0;4526.0
0;63600;ASH_COATED_OSMIUM;9986;22;;;;;;;;;;;9986.0;545.59375
0;63700;ASH_COATED_OSMIUM;9989;10;9986;21;;;10005;10;10007;21;;;9997.0;540.5625
0;63700;INTARIAN_PEPPER_ROOT;12057;8;12054;15;;;12070;8;12073;15;;;12063.5;4534.0
0;63800;ASH_COATED_OSMIUM;9989;13;9986;27;;;;;;;;;9989.0;533.6875
0;63800;INTARIAN_PEPPER_ROOT;;;;;;;12070;8;12073;15;;;12070.0;4542.0
0;63900;INTARIAN_PEPPER_ROOT;12057;8;12054;20;;;12073;20;;;;;12065.0;4550.0
0;63900;ASH_COATED_OSMIUM;9988;15;9986;22;;;10004;15;10007;22;;;9996.0;546.3125
0;64000;INTARIAN_PEPPER_ROOT;12057;12;;;;;12071;12;;;;;12064.0;4558.0
0;64000;ASH_COATED_OSMIUM;9986;30;;;;;10004;11;10007;30;;;9995.0;562.28125
0;64100;ASH_COATED_OSMIUM;9988;12;9985;26;;;10004;12;10006;26;;;9996.0;567.15625
0;64100;INTARIAN_PEPPER_ROOT;12058;12;12055;17;;;12074;17;;;;;12066.0;4566.0
0;64200;ASH_COATED_OSMIUM;9988;13;;;;;10004;13;10007;25;;;9996.0;560.96875
0;64200;INTARIAN_PEPPER_ROOT;12067;6;12058;10;12055;25;12071;10;12074;25;;;12069.0;4574.0
0;64300;INTARIAN_PEPPER_ROOT;12055;24;;;;;12074;24;;;;;12064.5;4582.0
0;64300;ASH_COATED_OSMIUM;9988;12;9986;20;;;10004;12;10007;20;;;9996.0;549.03125
0;64400;INTARIAN_PEPPER_ROOT;12058;11;12055;22;;;12071;11;12074;22;;;12064.5;4590.0
0;64400;ASH_COATED_OSMIUM;9988;12;;;;;10004;12;10007;27;;;9996.0;551.03125
0;64500;INTARIAN_PEPPER_ROOT;12058;11;12055;19;;;12071;11;12074;19;;;12064.5;4598.0
0;64500;ASH_COATED_OSMIUM;9988;10;9986;20;;;10004;10;10007;20;;;9996.0;554.28125
0;64600;INTARIAN_PEPPER_ROOT;12058;11;12055;25;;;12071;11;12074;25;;;12064.5;4606.0
0;64600;ASH_COATED_OSMIUM;9988;13;9986;27;;;10004;13;10007;27;;;9996.0;552.15625
0;64700;ASH_COATED_OSMIUM;9988;12;9986;28;;;10007;28;;;;;9997.5;548.46875
0;64700;INTARIAN_PEPPER_ROOT;12055;24;;;;;;;;;;;12055.0;4614.0
0;64800;ASH_COATED_OSMIUM;9989;11;9986;20;;;10005;11;10007;20;;;9997.0;534.5625
0;64800;INTARIAN_PEPPER_ROOT;12058;8;12055;20;;;12071;8;12074;20;;;12064.5;4622.0
0;64900;ASH_COATED_OSMIUM;9988;14;9986;30;;;;;;;;;9988.0;553.5
0;64900;INTARIAN_PEPPER_ROOT;12058;12;12055;23;;;12071;12;12074;23;;;12064.5;4630.0
0;65000;ASH_COATED_OSMIUM;9988;15;9986;26;;;10007;26;;;;;9997.5;562.40625
0;65000;INTARIAN_PEPPER_ROOT;12058;12;12055;24;;;12075;24;;;;;12066.5;4638.0
0;65100;ASH_COATED_OSMIUM;;;;;;;10003;12;;;;;10003.0;592.84375
0;65100;INTARIAN_PEPPER_ROOT;12059;10;12056;21;;;12072;10;12075;21;;;12065.5;4646.0
0;65200;ASH_COATED_OSMIUM;9987;12;9985;28;;;10003;12;10006;28;;;9995.0;589.34375
